%YAML 1.1
%TAG !u! tag:unity3d.com,2011:
--- !u!1001 &100100000
Prefab:
  m_ObjectHideFlags: 1
  serializedVersion: 2
  m_Modification:
    m_TransformParent: {fileID: 0}
    m_Modifications: []
    m_RemovedComponents: []
  m_ParentPrefab: {fileID: 0}
  m_RootGameObject: {fileID: 1501483763320252}
  m_IsPrefabParent: 1
--- !u!1 &1012788967942752
GameObject:
  m_ObjectHideFlags: 0
  m_PrefabParentObject: {fileID: 0}
  m_PrefabInternal: {fileID: 100100000}
  serializedVersion: 5
  m_Component:
  - component: {fileID: 4289952853662818}
  - component: {fileID: 33497209330177818}
  - component: {fileID: 23427144729146262}
  m_Layer: 8
  m_Name: panier_contenu
  m_TagString: Untagged
  m_Icon: {fileID: 0}
  m_NavMeshLayer: 0
  m_StaticEditorFlags: 4294967295
  m_IsActive: 1
--- !u!1 &1501483763320252
GameObject:
  m_ObjectHideFlags: 0
  m_PrefabParentObject: {fileID: 0}
  m_PrefabInternal: {fileID: 100100000}
  serializedVersion: 5
  m_Component:
  - component: {fileID: 4966530400621700}
  - component: {fileID: 33583741324351740}
  - component: {fileID: 23743351571231674}
  - component: {fileID: 114829991408837366}
  - component: {fileID: 114588460491825244}
  - component: {fileID: 135319006987181322}
  m_Layer: 8
  m_Name: Panier
  m_TagString: Untagged
  m_Icon: {fileID: 0}
  m_NavMeshLayer: 0
  m_StaticEditorFlags: 4294967295
  m_IsActive: 1
--- !u!4 &4289952853662818
Transform:
  m_ObjectHideFlags: 1
  m_PrefabParentObject: {fileID: 0}
  m_PrefabInternal: {fileID: 100100000}
  m_GameObject: {fileID: 1012788967942752}
  m_LocalRotation: {x: 0, y: -0, z: -0, w: 1}
  m_LocalPosition: {x: -0, y: 0, z: 0.0010978698}
  m_LocalScale: {x: 1, y: 1, z: 1}
  m_Children: []
  m_Father: {fileID: 4966530400621700}
  m_RootOrder: 0
  m_LocalEulerAnglesHint: {x: 0, y: 0, z: 0}
--- !u!4 &4966530400621700
Transform:
  m_ObjectHideFlags: 1
  m_PrefabParentObject: {fileID: 0}
  m_PrefabInternal: {fileID: 100100000}
  m_GameObject: {fileID: 1501483763320252}
  m_LocalRotation: {x: -0.7071068, y: -0, z: -0, w: 0.7071068}
  m_LocalPosition: {x: 4.32, y: 2.574319, z: 0.497}
  m_LocalScale: {x: 3.9239335, y: 3.92393, z: 3.92393}
  m_Children:
  - {fileID: 4289952853662818}
  m_Father: {fileID: 0}
  m_RootOrder: 0
  m_LocalEulerAnglesHint: {x: 0, y: 0, z: 0}
--- !u!23 &23427144729146262
MeshRenderer:
  m_ObjectHideFlags: 1
  m_PrefabParentObject: {fileID: 0}
  m_PrefabInternal: {fileID: 100100000}
  m_GameObject: {fileID: 1012788967942752}
  m_Enabled: 1
  m_CastShadows: 1
  m_ReceiveShadows: 1
  m_DynamicOccludee: 1
  m_MotionVectors: 1
  m_LightProbeUsage: 1
  m_ReflectionProbeUsage: 1
  m_Materials:
  - {fileID: 2100000, guid: 6fe30663e6ce56f4e8e8c0baae44df09, type: 2}
  m_StaticBatchInfo:
    firstSubMesh: 0
    subMeshCount: 0
  m_StaticBatchRoot: {fileID: 0}
  m_ProbeAnchor: {fileID: 0}
  m_LightProbeVolumeOverride: {fileID: 0}
  m_ScaleInLightmap: 1
  m_PreserveUVs: 0
  m_IgnoreNormalsForChartDetection: 0
  m_ImportantGI: 0
  m_StitchLightmapSeams: 0
  m_SelectedEditorRenderState: 3
  m_MinimumChartSize: 4
  m_AutoUVMaxDistance: 0.5
  m_AutoUVMaxAngle: 89
  m_LightmapParameters: {fileID: 0}
  m_SortingLayerID: 0
  m_SortingLayer: 0
  m_SortingOrder: 0
--- !u!23 &23743351571231674
MeshRenderer:
  m_ObjectHideFlags: 1
  m_PrefabParentObject: {fileID: 0}
  m_PrefabInternal: {fileID: 100100000}
  m_GameObject: {fileID: 1501483763320252}
  m_Enabled: 1
  m_CastShadows: 1
  m_ReceiveShadows: 1
  m_DynamicOccludee: 1
  m_MotionVectors: 1
  m_LightProbeUsage: 1
  m_ReflectionProbeUsage: 1
  m_Materials:
  - {fileID: 2100000, guid: 066a9fe6780c69e4a8b7843618df78bd, type: 2}
  m_StaticBatchInfo:
    firstSubMesh: 0
    subMeshCount: 0
  m_StaticBatchRoot: {fileID: 0}
  m_ProbeAnchor: {fileID: 0}
  m_LightProbeVolumeOverride: {fileID: 0}
  m_ScaleInLightmap: 1
  m_PreserveUVs: 0
  m_IgnoreNormalsForChartDetection: 0
  m_ImportantGI: 0
  m_StitchLightmapSeams: 0
  m_SelectedEditorRenderState: 3
  m_MinimumChartSize: 4
  m_AutoUVMaxDistance: 0.5
  m_AutoUVMaxAngle: 89
  m_LightmapParameters: {fileID: 0}
  m_SortingLayerID: 0
  m_SortingLayer: 0
  m_SortingOrder: 0
--- !u!33 &33497209330177818
MeshFilter:
  m_ObjectHideFlags: 1
  m_PrefabParentObject: {fileID: 0}
  m_PrefabInternal: {fileID: 100100000}
  m_GameObject: {fileID: 1012788967942752}
  m_Mesh: {fileID: 4300308, guid: 6361593d1851b4e43a44c2fdcd8afc3f, type: 3}
--- !u!33 &33583741324351740
MeshFilter:
  m_ObjectHideFlags: 1
  m_PrefabParentObject: {fileID: 0}
  m_PrefabInternal: {fileID: 100100000}
  m_GameObject: {fileID: 1501483763320252}
  m_Mesh: {fileID: 4300306, guid: 6361593d1851b4e43a44c2fdcd8afc3f, type: 3}
--- !u!114 &114588460491825244
MonoBehaviour:
  m_ObjectHideFlags: 1
  m_PrefabParentObject: {fileID: 0}
  m_PrefabInternal: {fileID: 100100000}
  m_GameObject: {fileID: 1501483763320252}
  m_Enabled: 1
  m_EditorHideFlags: 0
  m_Script: {fileID: 11500000, guid: 0cea1d125c94dfd42b43f841ccd587ea, type: 3}
  m_Name: 
  m_EditorClassIdentifier: 
  _Colors:
  - tag: {fileID: 11400000, guid: 817acae9a5bf0be4faad985418fcbeb1, type: 2}
    color: {r: 0, g: 0.42068958, b: 0.812, a: 1}
  - tag: {fileID: 11400000, guid: 4867f1a207a5eca4ba35d168ae55df93, type: 2}
    color: {r: 0.697, g: 0, b: 0, a: 1}
  - tag: {fileID: 11400000, guid: 115f705afc06ff6438ea838489231098, type: 2}
    color: {r: 0, g: 0.812, b: 0.25517225, a: 1}
  - tag: {fileID: 11400000, guid: f4ae1b69758c0834eb47dfedf754a422, type: 2}
    color: {r: 0.9862069, g: 0.897, b: 0, a: 1}
  - tag: {fileID: 11400000, guid: f835080e59c17f14b949be9b9a1df0f4, type: 2}
    color: {r: 0.5808823, g: 0.46641433, b: 0.29471236, a: 1}
--- !u!114 &114829991408837366
MonoBehaviour:
  m_ObjectHideFlags: 1
  m_PrefabParentObject: {fileID: 0}
  m_PrefabInternal: {fileID: 100100000}
  m_GameObject: {fileID: 1501483763320252}
  m_Enabled: 1
  m_EditorHideFlags: 0
  m_Script: {fileID: 11500000, guid: e630dcd0d9f3ccf4faa2f5d20fd96e30, type: 3}
  m_Name: 
  m_EditorClassIdentifier: 
  tags:
  - {fileID: 11400000, guid: 2b6264c2f4b0d6d449fe93618e76458d, type: 2}
  - {fileID: 11400000, guid: 1b356e9fe868f654ca1e41ef76665a76, type: 2}
  - {fileID: 11400000, guid: f835080e59c17f14b949be9b9a1df0f4, type: 2}
  _TransitionDuration: 0.3
  _MinMaxReappearDuration: {x: 10, y: 20}
  _isActif: 0
  _ParticlePrefab: {fileID: 1642902999538754, guid: a2911a7c6afd91047be8e6d4869c5a8e,
    type: 2}
--- !u!135 &135319006987181322
SphereCollider:
  m_ObjectHideFlags: 1
  m_PrefabParentObject: {fileID: 0}
  m_PrefabInternal: {fileID: 100100000}
  m_GameObject: {fileID: 1501483763320252}
  m_Material: {fileID: 0}
  m_IsTrigger: 0
  m_Enabled: 1
  serializedVersion: 2
  m_Radius: 0.12781274
  m_Center: {x: 0, y: 0, z: -0.000000022351747}
