%YAML 1.1
%TAG !u! tag:unity3d.com,2011:
--- !u!1001 &100100000
Prefab:
  m_ObjectHideFlags: 1
  serializedVersion: 2
  m_Modification:
    m_TransformParent: {fileID: 0}
    m_Modifications: []
    m_RemovedComponents: []
  m_ParentPrefab: {fileID: 0}
  m_RootGameObject: {fileID: 1287725135548738}
  m_IsPrefabParent: 1
--- !u!1 &1130626968605926
GameObject:
  m_ObjectHideFlags: 1
  m_PrefabParentObject: {fileID: 0}
  m_PrefabInternal: {fileID: 100100000}
  serializedVersion: 5
  m_Component:
  - component: {fileID: 4129831475901188}
  - component: {fileID: 23790312905143818}
  - component: {fileID: 102327010487965294}
  - component: {fileID: 114311445397472040}
  - component: {fileID: 114800495955144060}
  - component: {fileID: 114938578261655426}
  m_Layer: 0
  m_Name: PlayerName
  m_TagString: Untagged
  m_Icon: {fileID: 0}
  m_NavMeshLayer: 0
  m_StaticEditorFlags: 0
  m_IsActive: 1
--- !u!1 &1287725135548738
GameObject:
  m_ObjectHideFlags: 0
  m_PrefabParentObject: {fileID: 0}
  m_PrefabInternal: {fileID: 100100000}
  serializedVersion: 5
  m_Component:
  - component: {fileID: 4171963202279196}
  - component: {fileID: 114759549258940556}
  - component: {fileID: 114469254118310860}
  - component: {fileID: 114916214597748690}
  - component: {fileID: 114370389552467426}
  m_Layer: 0
  m_Name: GameManager
  m_TagString: Untagged
  m_Icon: {fileID: 0}
  m_NavMeshLayer: 0
  m_StaticEditorFlags: 0
  m_IsActive: 1
--- !u!1 &1351591765088484
GameObject:
  m_ObjectHideFlags: 0
  m_PrefabParentObject: {fileID: 0}
  m_PrefabInternal: {fileID: 100100000}
  serializedVersion: 5
  m_Component:
  - component: {fileID: 4002078836366200}
  m_Layer: 0
  m_Name: PlayerNameParent
  m_TagString: Untagged
  m_Icon: {fileID: 0}
  m_NavMeshLayer: 0
  m_StaticEditorFlags: 0
  m_IsActive: 1
--- !u!1 &1465948045949566
GameObject:
  m_ObjectHideFlags: 0
  m_PrefabParentObject: {fileID: 0}
  m_PrefabInternal: {fileID: 100100000}
  serializedVersion: 5
  m_Component:
  - component: {fileID: 4839276236280060}
  m_Layer: 0
  m_Name: ParticleAttractor (1)
  m_TagString: Untagged
  m_Icon: {fileID: 0}
  m_NavMeshLayer: 0
  m_StaticEditorFlags: 0
  m_IsActive: 1
--- !u!1 &1858138884645994
GameObject:
  m_ObjectHideFlags: 0
  m_PrefabParentObject: {fileID: 0}
  m_PrefabInternal: {fileID: 100100000}
  serializedVersion: 5
  m_Component:
  - component: {fileID: 4027501283880988}
  m_Layer: 0
  m_Name: ParticleAttractor
  m_TagString: Untagged
  m_Icon: {fileID: 0}
  m_NavMeshLayer: 0
  m_StaticEditorFlags: 0
  m_IsActive: 1
--- !u!4 &4002078836366200
Transform:
  m_ObjectHideFlags: 1
  m_PrefabParentObject: {fileID: 0}
  m_PrefabInternal: {fileID: 100100000}
  m_GameObject: {fileID: 1351591765088484}
  m_LocalRotation: {x: -0, y: -0, z: -0, w: 1}
  m_LocalPosition: {x: 0, y: 0, z: 0}
  m_LocalScale: {x: 1, y: 1, z: 1}
  m_Children:
  - {fileID: 4129831475901188}
  m_Father: {fileID: 4171963202279196}
  m_RootOrder: 0
  m_LocalEulerAnglesHint: {x: 0, y: 0, z: 0}
--- !u!4 &4027501283880988
Transform:
  m_ObjectHideFlags: 1
  m_PrefabParentObject: {fileID: 0}
  m_PrefabInternal: {fileID: 100100000}
  m_GameObject: {fileID: 1858138884645994}
  m_LocalRotation: {x: 0, y: 0, z: 0, w: 1}
  m_LocalPosition: {x: 0, y: -0.493, z: 0}
  m_LocalScale: {x: 1, y: 1, z: 1}
  m_Children: []
  m_Father: {fileID: 4171963202279196}
  m_RootOrder: 1
  m_LocalEulerAnglesHint: {x: 0, y: 0, z: 0}
--- !u!4 &4129831475901188
Transform:
  m_ObjectHideFlags: 1
  m_PrefabParentObject: {fileID: 0}
  m_PrefabInternal: {fileID: 100100000}
  m_GameObject: {fileID: 1130626968605926}
  m_LocalRotation: {x: 0.7071068, y: -0, z: -0, w: 0.7071068}
  m_LocalPosition: {x: 0, y: 0, z: 0.035}
  m_LocalScale: {x: 1, y: 1, z: 1}
  m_Children: []
  m_Father: {fileID: 4002078836366200}
  m_RootOrder: 0
  m_LocalEulerAnglesHint: {x: 90, y: 0, z: 0}
--- !u!4 &4171963202279196
Transform:
  m_ObjectHideFlags: 1
  m_PrefabParentObject: {fileID: 0}
  m_PrefabInternal: {fileID: 100100000}
  m_GameObject: {fileID: 1287725135548738}
  m_LocalRotation: {x: 0, y: 0, z: 0, w: 1}
  m_LocalPosition: {x: 0, y: 0.848, z: 0}
  m_LocalScale: {x: 1, y: 1, z: 1}
  m_Children:
  - {fileID: 4002078836366200}
  - {fileID: 4027501283880988}
  - {fileID: 4839276236280060}
  m_Father: {fileID: 0}
  m_RootOrder: 0
  m_LocalEulerAnglesHint: {x: 0, y: 0, z: 0}
--- !u!4 &4839276236280060
Transform:
  m_ObjectHideFlags: 1
  m_PrefabParentObject: {fileID: 0}
  m_PrefabInternal: {fileID: 100100000}
  m_GameObject: {fileID: 1465948045949566}
  m_LocalRotation: {x: -0, y: -0, z: -0, w: 1}
  m_LocalPosition: {x: 0, y: 1.759, z: 0}
  m_LocalScale: {x: 1, y: 1, z: 1}
  m_Children: []
  m_Father: {fileID: 4171963202279196}
  m_RootOrder: 2
  m_LocalEulerAnglesHint: {x: 0, y: 0, z: 0}
--- !u!23 &23790312905143818
MeshRenderer:
  m_ObjectHideFlags: 1
  m_PrefabParentObject: {fileID: 0}
  m_PrefabInternal: {fileID: 100100000}
  m_GameObject: {fileID: 1130626968605926}
  m_Enabled: 1
  m_CastShadows: 1
  m_ReceiveShadows: 1
  m_DynamicOccludee: 1
  m_MotionVectors: 1
  m_LightProbeUsage: 1
  m_ReflectionProbeUsage: 1
  m_Materials:
  - {fileID: 2100000, guid: 686e29c1be8dcf84cb2faff902d87c21, type: 3}
  m_StaticBatchInfo:
    firstSubMesh: 0
    subMeshCount: 0
  m_StaticBatchRoot: {fileID: 0}
  m_ProbeAnchor: {fileID: 0}
  m_LightProbeVolumeOverride: {fileID: 0}
  m_ScaleInLightmap: 1
  m_PreserveUVs: 0
  m_IgnoreNormalsForChartDetection: 0
  m_ImportantGI: 0
  m_StitchLightmapSeams: 0
  m_SelectedEditorRenderState: 3
  m_MinimumChartSize: 4
  m_AutoUVMaxDistance: 0.5
  m_AutoUVMaxAngle: 89
  m_LightmapParameters: {fileID: 0}
  m_SortingLayerID: 0
  m_SortingLayer: 0
  m_SortingOrder: 0
--- !u!102 &102327010487965294
TextMesh:
  serializedVersion: 3
  m_ObjectHideFlags: 1
  m_PrefabParentObject: {fileID: 0}
  m_PrefabInternal: {fileID: 100100000}
  m_GameObject: {fileID: 1130626968605926}
  m_Text: 
  m_OffsetZ: 0
  m_CharacterSize: 0.1
  m_LineSpacing: 1
  m_Anchor: 4
  m_Alignment: 0
  m_TabSize: 4
  m_FontSize: 32
  m_FontStyle: 0
  m_RichText: 1
  m_Font: {fileID: 12800000, guid: 686e29c1be8dcf84cb2faff902d87c21, type: 3}
  m_Color:
    serializedVersion: 2
    rgba: 4294967295
--- !u!114 &114311445397472040
MonoBehaviour:
  m_ObjectHideFlags: 1
  m_PrefabParentObject: {fileID: 0}
  m_PrefabInternal: {fileID: 100100000}
  m_GameObject: {fileID: 1130626968605926}
  m_Enabled: 1
  m_EditorHideFlags: 0
  m_Script: {fileID: 11500000, guid: 8e0e17e46a603d34bb0594fe70f50c60, type: 3}
  m_Name: 
  m_EditorClassIdentifier: 
  _SpeedCurve:
    serializedVersion: 2
    m_Curve:
    - serializedVersion: 2
      time: -0.00000072829425
      value: 0.50516343
      inSlope: 0
      outSlope: 0
      tangentMode: 0
    - serializedVersion: 2
      time: 0.3078307
      value: 0.13403648
      inSlope: 0
      outSlope: 0
      tangentMode: 0
    - serializedVersion: 2
      time: 0.611828
      value: 0.8891363
      inSlope: 0.78618526
      outSlope: 0.78618526
      tangentMode: 0
    - serializedVersion: 2
      time: 0.8252907
      value: 0.3153811
      inSlope: -1.681745
      outSlope: -1.681745
      tangentMode: 0
    - serializedVersion: 2
      time: 1.0045776
      value: 0.5051651
      inSlope: 0
      outSlope: 0
      tangentMode: 0
    m_PreInfinity: 2
    m_PostInfinity: 2
    m_RotationOrder: 0
  _SpeedCycleDuration: 8
  _SpeedMinMax: {x: 15, y: 30}
  _HeightCurve:
    serializedVersion: 2
    m_Curve:
    - serializedVersion: 2
      time: -0.00000072829425
      value: 0.5099089
      inSlope: 0
      outSlope: 0
      tangentMode: 0
    - serializedVersion: 2
      time: 0.24504077
      value: 0.2716555
      inSlope: 0
      outSlope: 0
      tangentMode: 0
    - serializedVersion: 2
      time: 0.37278244
      value: 0.78312737
      inSlope: 1.5591085
      outSlope: 1.5591085
      tangentMode: 0
    - serializedVersion: 2
      time: 0.6202051
      value: 0.7230482
      inSlope: 0.78618526
      outSlope: 0.78618526
      tangentMode: 0
    - serializedVersion: 2
      time: 0.7373848
      value: 0.5431643
      inSlope: -1.681745
      outSlope: -1.681745
      tangentMode: 0
    - serializedVersion: 2
      time: 0.84826994
      value: 0.36394194
      inSlope: 0.16361475
      outSlope: 0.16361475
      tangentMode: 0
    - serializedVersion: 2
      time: 1.0045776
      value: 0.5099106
      inSlope: 0
      outSlope: 0
      tangentMode: 0
    m_PreInfinity: 2
    m_PostInfinity: 2
    m_RotationOrder: 0
  _HeightCycleDuration: 10
  _HeightMinMax: {x: 0.2, y: 0.9}
--- !u!114 &114370389552467426
MonoBehaviour:
  m_ObjectHideFlags: 1
  m_PrefabParentObject: {fileID: 0}
  m_PrefabInternal: {fileID: 100100000}
  m_GameObject: {fileID: 1287725135548738}
  m_Enabled: 1
  m_EditorHideFlags: 0
  m_Script: {fileID: 11500000, guid: 3e839e4c12473014b9b3d3faccc0f61d, type: 3}
  m_Name: 
  m_EditorClassIdentifier: 
  Event: {fileID: 11400000, guid: 9b7afd5e7bfded446aa8616fe18d55c5, type: 2}
  Response:
    m_PersistentCalls:
      m_Calls:
      - m_Target: {fileID: 114759549258940556}
        m_MethodName: StartGame
        m_Mode: 1
        m_Arguments:
          m_ObjectArgument: {fileID: 0}
          m_ObjectArgumentAssemblyTypeName: UnityEngine.Object, UnityEngine
          m_IntArgument: 0
          m_FloatArgument: 0
          m_StringArgument: 
          m_BoolArgument: 0
        m_CallState: 2
    m_TypeName: UnityEngine.Events.UnityEvent, UnityEngine.CoreModule, Version=0.0.0.0,
      Culture=neutral, PublicKeyToken=null
--- !u!114 &114469254118310860
MonoBehaviour:
  m_ObjectHideFlags: 1
  m_PrefabParentObject: {fileID: 0}
  m_PrefabInternal: {fileID: 100100000}
  m_GameObject: {fileID: 1287725135548738}
  m_Enabled: 1
  m_EditorHideFlags: 0
  m_Script: {fileID: 11500000, guid: 2afcfa10c38599a4ba1a27edf52a4793, type: 3}
  m_Name: 
  m_EditorClassIdentifier: 
  _AmountObjectsToFind: {fileID: 11400000, guid: 0de9291492ac6d64abf9ec1720b2c30c,
    type: 2}
  _Tags:
  - {fileID: 11400000, guid: 11a198fe69fc7de418d104eed6fc913b, type: 2}
  - {fileID: 11400000, guid: 2b6264c2f4b0d6d449fe93618e76458d, type: 2}
  - {fileID: 11400000, guid: 7b3f4727e6ba3ed4bae5baa45120a7e3, type: 2}
  - {fileID: 11400000, guid: 72d8ab1c09e2915408a12ebdab5dab71, type: 2}
  - {fileID: 11400000, guid: f2ed12a5073e27e45869a00200e0b31b, type: 2}
  - {fileID: 11400000, guid: ef7fd8fa69cca5c4bb5a81bc97db7643, type: 2}
  - {fileID: 11400000, guid: 5e99aa78c3d5d234a8356b4205ed044c, type: 2}
  - {fileID: 11400000, guid: a3eaae7ee7ef1ae4fad182b7c23607b7, type: 2}
  - {fileID: 11400000, guid: 05e137ba1bcb2ab4eb7dc104060a29cb, type: 2}
  - {fileID: 11400000, guid: 2d2389c8d2b69d646b146c0ba116a949, type: 2}
  - {fileID: 11400000, guid: 679a8c6690532e540a00406169482732, type: 2}
  - {fileID: 11400000, guid: e3c9fcbb7eeffa249a972f9f5f2168c8, type: 2}
  - {fileID: 11400000, guid: 4acc375b8631adc4e88da2388606bdae, type: 2}
  - {fileID: 11400000, guid: f175370ef484842449c5a5dce8232ec7, type: 2}
  - {fileID: 11400000, guid: 4dc2b6109fbee7c4b9d9fcf7d587cb8b, type: 2}
  - {fileID: 11400000, guid: 9ddd4c7b214629641b41a7f3032783b6, type: 2}
  - {fileID: 11400000, guid: 4ec53d46ab6d5c141908bd27ebebbb5c, type: 2}
  - {fileID: 11400000, guid: 4c10eb8269eb39249bc4cdafd7f60f3f, type: 2}
  - {fileID: 11400000, guid: 9c246b7417a55a540b95dedb1a3af95d, type: 2}
  - {fileID: 11400000, guid: 33d435b015ec74e488b2fc540a15b6c8, type: 2}
  - {fileID: 11400000, guid: 0ea5d0dfc51499f40aef9f1dbd87d9fa, type: 2}
  - {fileID: 11400000, guid: 245b8994c1f4f3d468650b3d099af781, type: 2}
  - {fileID: 11400000, guid: 4a1890383b66c454780f4acb1105e4e0, type: 2}
  - {fileID: 11400000, guid: d83bea0568d93dc4dac0c10336522c2e, type: 2}
  - {fileID: 11400000, guid: 13e034828d5ab574494b366ed1ea9df6, type: 2}
  - {fileID: 11400000, guid: 1b356e9fe868f654ca1e41ef76665a76, type: 2}
  - {fileID: 11400000, guid: 1e906085b80a57446a747acbabb8bb37, type: 2}
  - {fileID: 11400000, guid: cdc3a0286cce7ea43ae38b73573d6f8a, type: 2}
  - {fileID: 11400000, guid: 864ff69b1c78ee041896c2b6f935e9dc, type: 2}
  - {fileID: 11400000, guid: 30ad44fc5d681534e9c65d7a5bc6a8a8, type: 2}
  - {fileID: 11400000, guid: 8f97665bf72544c40a7125753ab9c784, type: 2}
  - {fileID: 11400000, guid: a1753bf0d39486640bed112e0fe1b919, type: 2}
  - {fileID: 11400000, guid: 817acae9a5bf0be4faad985418fcbeb1, type: 2}
  - {fileID: 11400000, guid: 115f705afc06ff6438ea838489231098, type: 2}
  - {fileID: 11400000, guid: 01bd2e2c7546ce44aa5886eba83b0ec1, type: 2}
  - {fileID: 11400000, guid: 16bc3221012bcc34e903abaf925470f7, type: 2}
  - {fileID: 11400000, guid: 4867f1a207a5eca4ba35d168ae55df93, type: 2}
  - {fileID: 11400000, guid: 03484f6b494138042b87280430a59fd4, type: 2}
  - {fileID: 11400000, guid: f835080e59c17f14b949be9b9a1df0f4, type: 2}
  - {fileID: 11400000, guid: f4ae1b69758c0834eb47dfedf754a422, type: 2}
--- !u!114 &114759549258940556
MonoBehaviour:
  m_ObjectHideFlags: 1
  m_PrefabParentObject: {fileID: 0}
  m_PrefabInternal: {fileID: 100100000}
  m_GameObject: {fileID: 1287725135548738}
  m_Enabled: 1
  m_EditorHideFlags: 0
  m_Script: {fileID: 11500000, guid: 783ff96d7180fb845b03762d3f752c8d, type: 3}
  m_Name: 
  m_EditorClassIdentifier: 
  _CameraInput: {fileID: 0}
  MinMaxBombDurationPerPlayer: {x: 10, y: 20}
  OnPlayerDeath:
    m_PersistentCalls:
      m_Calls:
      - m_Target: {fileID: 11400000, guid: 62ebd8f5546486245817b7f45c3bd6e0, type: 2}
        m_MethodName: Raise
        m_Mode: 1
        m_Arguments:
          m_ObjectArgument: {fileID: 0}
          m_ObjectArgumentAssemblyTypeName: UnityEngine.Object, UnityEngine
          m_IntArgument: 0
          m_FloatArgument: 0
          m_StringArgument: 
          m_BoolArgument: 0
        m_CallState: 2
    m_TypeName: UnityEngine.Events.UnityEvent, UnityEngine.CoreModule, Version=0.0.0.0,
      Culture=neutral, PublicKeyToken=null
  OnPlayerWin:
    m_PersistentCalls:
      m_Calls:
      - m_Target: {fileID: 11400000, guid: 87e951f070c43594e82d9a62f0662520, type: 2}
        m_MethodName: Raise
        m_Mode: 1
        m_Arguments:
          m_ObjectArgument: {fileID: 0}
          m_ObjectArgumentAssemblyTypeName: UnityEngine.Object, UnityEngine
          m_IntArgument: 0
          m_FloatArgument: 0
          m_StringArgument: 
          m_BoolArgument: 0
        m_CallState: 2
    m_TypeName: UnityEngine.Events.UnityEvent, UnityEngine.CoreModule, Version=0.0.0.0,
      Culture=neutral, PublicKeyToken=null
  OnNewPlayerTurn:
    m_PersistentCalls:
      m_Calls:
      - m_Target: {fileID: 11400000, guid: 73b57019a34866b4698ed1cdb115b858, type: 2}
        m_MethodName: Raise
        m_Mode: 1
        m_Arguments:
          m_ObjectArgument: {fileID: 0}
          m_ObjectArgumentAssemblyTypeName: UnityEngine.Object, UnityEngine
          m_IntArgument: 0
          m_FloatArgument: 0
          m_StringArgument: 
          m_BoolArgument: 0
        m_CallState: 2
    m_TypeName: UnityEngine.Events.UnityEvent, UnityEngine.CoreModule, Version=0.0.0.0,
      Culture=neutral, PublicKeyToken=null
  _PlayerAmount: {fileID: 11400000, guid: d80ae0e04b1e2e246a4de0182013f6b4, type: 2}
  _CurrentPlayerTurn: {fileID: 11400000, guid: 25c59c7800aaf234aaee2c206d43d866, type: 2}
  _BombStart: {fileID: 11400000, guid: c50cf6bfe5a9a0b4696342dc5bc516e8, type: 2}
  _BombDuration: {fileID: 11400000, guid: 983a9c26622b10448b8df70fdcef2318, type: 2}
  _CurrentPlayer: {fileID: 11400000, guid: 9b05e2bd0d3c93e4fb56bfa41179a66f, type: 2}
  _CurrentTag: {fileID: 11400000, guid: 4b14aef58b40c1546a6c2a4a5aa4acde, type: 2}
  _Winner: {fileID: 11400000, guid: c1de3e99afe108f489e8a808c56fdc1f, type: 2}
  _RandomNames:
  - Jean-Mi
  - Robert
  - Jawad
  - Eglantine
  - Suzette
  - Johnny
  - Emile
  - Sandrine
  - Billy
  - Lola
  _RandomColors:
  - {r: 1, g: 0, b: 0, a: 1}
  - {r: 0, g: 0.08965492, b: 1, a: 1}
  - {r: 0, g: 1, b: 0.08965516, a: 1}
  - {r: 1, g: 0, b: 0.972414, a: 1}
  - {r: 1, g: 0.9320486, b: 0.014705896, a: 1}
  _RandomSprites:
  - sprite: {fileID: 21300000, guid: 64a45cc3317324348b515ab1c813ac59, type: 3}
    backSprite: {fileID: 21300000, guid: 87d6a1b0222025a41a935226a6d391c3, type: 3}
  - sprite: {fileID: 21300000, guid: 9482e3aed889d6f4fb8e4089e2b78a39, type: 3}
    backSprite: {fileID: 21300000, guid: 68fb7751577b81549ba83cc1d414f3b6, type: 3}
  - sprite: {fileID: 21300000, guid: cfc5de9bd0bccc24cb0ec593bf3fe825, type: 3}
    backSprite: {fileID: 21300000, guid: 351ea07298034f1438b5cb8455f945e3, type: 3}
  - sprite: {fileID: 21300000, guid: aad4cda4bc631614994fdc84e0f97ed3, type: 3}
    backSprite: {fileID: 21300000, guid: 80c17c5bacf1309418959f51eff9f53a, type: 3}
  _playersLeft: []
  _ParticleAttractorPosition: {fileID: 4027501283880988}
  _ParticleAttractor2Position: {fileID: 4839276236280060}
--- !u!114 &114800495955144060
MonoBehaviour:
  m_ObjectHideFlags: 1
  m_PrefabParentObject: {fileID: 0}
  m_PrefabInternal: {fileID: 100100000}
  m_GameObject: {fileID: 1130626968605926}
  m_Enabled: 1
  m_EditorHideFlags: 0
  m_Script: {fileID: 11500000, guid: 3e839e4c12473014b9b3d3faccc0f61d, type: 3}
  m_Name: 
  m_EditorClassIdentifier: 
  Event: {fileID: 11400000, guid: 73b57019a34866b4698ed1cdb115b858, type: 2}
  Response:
    m_PersistentCalls:
      m_Calls:
      - m_Target: {fileID: 114938578261655426}
        m_MethodName: UpdateName
        m_Mode: 1
        m_Arguments:
          m_ObjectArgument: {fileID: 0}
          m_ObjectArgumentAssemblyTypeName: UnityEngine.Object, UnityEngine
          m_IntArgument: 0
          m_FloatArgument: 0
          m_StringArgument: 
          m_BoolArgument: 0
        m_CallState: 2
    m_TypeName: UnityEngine.Events.UnityEvent, UnityEngine.CoreModule, Version=0.0.0.0,
      Culture=neutral, PublicKeyToken=null
--- !u!114 &114916214597748690
MonoBehaviour:
  m_ObjectHideFlags: 1
  m_PrefabParentObject: {fileID: 0}
  m_PrefabInternal: {fileID: 100100000}
  m_GameObject: {fileID: 1287725135548738}
  m_Enabled: 1
  m_EditorHideFlags: 0
  m_Script: {fileID: 11500000, guid: 3e839e4c12473014b9b3d3faccc0f61d, type: 3}
  m_Name: 
  m_EditorClassIdentifier: 
  Event: {fileID: 11400000, guid: 62ebd8f5546486245817b7f45c3bd6e0, type: 2}
  Response:
    m_PersistentCalls:
      m_Calls:
      - m_Target: {fileID: 114759549258940556}
        m_MethodName: OnPlayerDeathEvent
        m_Mode: 1
        m_Arguments:
          m_ObjectArgument: {fileID: 0}
          m_ObjectArgumentAssemblyTypeName: UnityEngine.Object, UnityEngine
          m_IntArgument: 0
          m_FloatArgument: 0
          m_StringArgument: 
          m_BoolArgument: 0
        m_CallState: 2
    m_TypeName: UnityEngine.Events.UnityEvent, UnityEngine.CoreModule, Version=0.0.0.0,
      Culture=neutral, PublicKeyToken=null
--- !u!114 &114938578261655426
MonoBehaviour:
  m_ObjectHideFlags: 1
  m_PrefabParentObject: {fileID: 0}
  m_PrefabInternal: {fileID: 100100000}
  m_GameObject: {fileID: 1130626968605926}
  m_Enabled: 1
  m_EditorHideFlags: 0
  m_Script: {fileID: 11500000, guid: b6f29d1ca4b89d94789b107727d88859, type: 3}
  m_Name: 
  m_EditorClassIdentifier: 
  _CurrentPlayer: {fileID: 11400000, guid: 9b05e2bd0d3c93e4fb56bfa41179a66f, type: 2}
