%YAML 1.1
%TAG !u! tag:unity3d.com,2011:
--- !u!29 &1
OcclusionCullingSettings:
  m_ObjectHideFlags: 0
  serializedVersion: 2
  m_OcclusionBakeSettings:
    smallestOccluder: 5
    smallestHole: 0.25
    backfaceThreshold: 100
  m_SceneGUID: 00000000000000000000000000000000
  m_OcclusionCullingData: {fileID: 0}
--- !u!104 &2
RenderSettings:
  m_ObjectHideFlags: 0
  serializedVersion: 8
  m_Fog: 0
  m_FogColor: {r: 0.5, g: 0.5, b: 0.5, a: 1}
  m_FogMode: 3
  m_FogDensity: 0.01
  m_LinearFogStart: 0
  m_LinearFogEnd: 300
  m_AmbientSkyColor: {r: 0.212, g: 0.227, b: 0.259, a: 1}
  m_AmbientEquatorColor: {r: 0.114, g: 0.125, b: 0.133, a: 1}
  m_AmbientGroundColor: {r: 0.047, g: 0.043, b: 0.035, a: 1}
  m_AmbientIntensity: 1
  m_AmbientMode: 0
  m_SubtractiveShadowColor: {r: 0.42, g: 0.478, b: 0.627, a: 1}
  m_SkyboxMaterial: {fileID: 10304, guid: 0000000000000000f000000000000000, type: 0}
  m_HaloStrength: 0.5
  m_FlareStrength: 1
  m_FlareFadeSpeed: 3
  m_HaloTexture: {fileID: 0}
  m_SpotCookie: {fileID: 10001, guid: 0000000000000000e000000000000000, type: 0}
  m_DefaultReflectionMode: 0
  m_DefaultReflectionResolution: 128
  m_ReflectionBounces: 1
  m_ReflectionIntensity: 1
  m_CustomReflection: {fileID: 0}
  m_Sun: {fileID: 0}
  m_IndirectSpecularColor: {r: 0, g: 0, b: 0, a: 1}
--- !u!157 &3
LightmapSettings:
  m_ObjectHideFlags: 0
  serializedVersion: 11
  m_GIWorkflowMode: 1
  m_GISettings:
    serializedVersion: 2
    m_BounceScale: 1
    m_IndirectOutputScale: 1
    m_AlbedoBoost: 1
    m_TemporalCoherenceThreshold: 1
    m_EnvironmentLightingMode: 0
    m_EnableBakedLightmaps: 1
    m_EnableRealtimeLightmaps: 1
  m_LightmapEditorSettings:
    serializedVersion: 9
    m_Resolution: 2
    m_BakeResolution: 40
    m_TextureWidth: 1024
    m_TextureHeight: 1024
    m_AO: 0
    m_AOMaxDistance: 1
    m_CompAOExponent: 1
    m_CompAOExponentDirect: 0
    m_Padding: 2
    m_LightmapParameters: {fileID: 0}
    m_LightmapsBakeMode: 1
    m_TextureCompression: 1
    m_FinalGather: 0
    m_FinalGatherFiltering: 1
    m_FinalGatherRayCount: 256
    m_ReflectionCompression: 2
    m_MixedBakeMode: 2
    m_BakeBackend: 0
    m_PVRSampling: 1
    m_PVRDirectSampleCount: 32
    m_PVRSampleCount: 500
    m_PVRBounces: 2
    m_PVRFilterTypeDirect: 0
    m_PVRFilterTypeIndirect: 0
    m_PVRFilterTypeAO: 0
    m_PVRFilteringMode: 1
    m_PVRCulling: 1
    m_PVRFilteringGaussRadiusDirect: 1
    m_PVRFilteringGaussRadiusIndirect: 5
    m_PVRFilteringGaussRadiusAO: 2
    m_PVRFilteringAtrousPositionSigmaDirect: 0.5
    m_PVRFilteringAtrousPositionSigmaIndirect: 2
    m_PVRFilteringAtrousPositionSigmaAO: 1
  m_LightingDataAsset: {fileID: 0}
  m_UseShadowmask: 1
--- !u!196 &4
NavMeshSettings:
  serializedVersion: 2
  m_ObjectHideFlags: 0
  m_BuildSettings:
    serializedVersion: 2
    agentTypeID: 0
    agentRadius: 0.5
    agentHeight: 2
    agentSlope: 45
    agentClimb: 0.4
    ledgeDropHeight: 0
    maxJumpAcrossDistance: 0
    minRegionArea: 2
    manualCellSize: 0
    cellSize: 0.16666667
    manualTileSize: 0
    tileSize: 256
    accuratePlacement: 0
    debug:
      m_Flags: 0
  m_NavMeshData: {fileID: 0}
--- !u!1001 &87487290
Prefab:
  m_ObjectHideFlags: 0
  serializedVersion: 2
  m_Modification:
    m_TransformParent: {fileID: 0}
    m_Modifications:
    - target: {fileID: 4336485888351252, guid: d4f4696ce53b46e4fbf9010f1233a459, type: 2}
      propertyPath: m_LocalPosition.x
      value: 5.471717
      objectReference: {fileID: 0}
    - target: {fileID: 4336485888351252, guid: d4f4696ce53b46e4fbf9010f1233a459, type: 2}
      propertyPath: m_LocalPosition.y
      value: 1.8333793
      objectReference: {fileID: 0}
    - target: {fileID: 4336485888351252, guid: d4f4696ce53b46e4fbf9010f1233a459, type: 2}
      propertyPath: m_LocalPosition.z
      value: 1.577
      objectReference: {fileID: 0}
    - target: {fileID: 4336485888351252, guid: d4f4696ce53b46e4fbf9010f1233a459, type: 2}
      propertyPath: m_LocalRotation.x
      value: -0.6975932
      objectReference: {fileID: 0}
    - target: {fileID: 4336485888351252, guid: d4f4696ce53b46e4fbf9010f1233a459, type: 2}
      propertyPath: m_LocalRotation.y
      value: 0.17211868
      objectReference: {fileID: 0}
    - target: {fileID: 4336485888351252, guid: d4f4696ce53b46e4fbf9010f1233a459, type: 2}
      propertyPath: m_LocalRotation.z
      value: 0.11560158
      objectReference: {fileID: 0}
    - target: {fileID: 4336485888351252, guid: d4f4696ce53b46e4fbf9010f1233a459, type: 2}
      propertyPath: m_LocalRotation.w
      value: 0.6858391
      objectReference: {fileID: 0}
    - target: {fileID: 4336485888351252, guid: d4f4696ce53b46e4fbf9010f1233a459, type: 2}
      propertyPath: m_RootOrder
      value: 5
      objectReference: {fileID: 0}
    m_RemovedComponents: []
  m_ParentPrefab: {fileID: 100100000, guid: d4f4696ce53b46e4fbf9010f1233a459, type: 2}
  m_IsPrefabParent: 0
--- !u!1001 &340859930
Prefab:
  m_ObjectHideFlags: 0
  serializedVersion: 2
  m_Modification:
    m_TransformParent: {fileID: 0}
    m_Modifications:
    - target: {fileID: 4447707924176070, guid: f43008c4f79b4574e84a1276aa8fcebd, type: 2}
      propertyPath: m_LocalPosition.x
      value: 5.285961
      objectReference: {fileID: 0}
    - target: {fileID: 4447707924176070, guid: f43008c4f79b4574e84a1276aa8fcebd, type: 2}
      propertyPath: m_LocalPosition.y
      value: 1.9609499
      objectReference: {fileID: 0}
    - target: {fileID: 4447707924176070, guid: f43008c4f79b4574e84a1276aa8fcebd, type: 2}
      propertyPath: m_LocalPosition.z
      value: 1.706099
      objectReference: {fileID: 0}
    - target: {fileID: 4447707924176070, guid: f43008c4f79b4574e84a1276aa8fcebd, type: 2}
      propertyPath: m_LocalRotation.x
      value: -0.7071068
      objectReference: {fileID: 0}
    - target: {fileID: 4447707924176070, guid: f43008c4f79b4574e84a1276aa8fcebd, type: 2}
      propertyPath: m_LocalRotation.y
      value: -0
      objectReference: {fileID: 0}
    - target: {fileID: 4447707924176070, guid: f43008c4f79b4574e84a1276aa8fcebd, type: 2}
      propertyPath: m_LocalRotation.z
      value: -0
      objectReference: {fileID: 0}
    - target: {fileID: 4447707924176070, guid: f43008c4f79b4574e84a1276aa8fcebd, type: 2}
      propertyPath: m_LocalRotation.w
      value: 0.7071068
      objectReference: {fileID: 0}
    - target: {fileID: 4447707924176070, guid: f43008c4f79b4574e84a1276aa8fcebd, type: 2}
      propertyPath: m_RootOrder
      value: 4
      objectReference: {fileID: 0}
    m_RemovedComponents: []
  m_ParentPrefab: {fileID: 100100000, guid: f43008c4f79b4574e84a1276aa8fcebd, type: 2}
  m_IsPrefabParent: 0
--- !u!1001 &393401866
Prefab:
  m_ObjectHideFlags: 0
  serializedVersion: 2
  m_Modification:
    m_TransformParent: {fileID: 0}
    m_Modifications:
    - target: {fileID: 4748235827684270, guid: a2911a7c6afd91047be8e6d4869c5a8e, type: 2}
      propertyPath: m_LocalPosition.x
      value: -6.4394903
      objectReference: {fileID: 0}
    - target: {fileID: 4748235827684270, guid: a2911a7c6afd91047be8e6d4869c5a8e, type: 2}
      propertyPath: m_LocalPosition.y
      value: 3.0860634
      objectReference: {fileID: 0}
    - target: {fileID: 4748235827684270, guid: a2911a7c6afd91047be8e6d4869c5a8e, type: 2}
      propertyPath: m_LocalPosition.z
      value: 1.2614609
      objectReference: {fileID: 0}
    - target: {fileID: 4748235827684270, guid: a2911a7c6afd91047be8e6d4869c5a8e, type: 2}
      propertyPath: m_LocalRotation.x
      value: 0
      objectReference: {fileID: 0}
    - target: {fileID: 4748235827684270, guid: a2911a7c6afd91047be8e6d4869c5a8e, type: 2}
      propertyPath: m_LocalRotation.y
      value: 0
      objectReference: {fileID: 0}
    - target: {fileID: 4748235827684270, guid: a2911a7c6afd91047be8e6d4869c5a8e, type: 2}
      propertyPath: m_LocalRotation.z
      value: 0
      objectReference: {fileID: 0}
    - target: {fileID: 4748235827684270, guid: a2911a7c6afd91047be8e6d4869c5a8e, type: 2}
      propertyPath: m_LocalRotation.w
      value: 1
      objectReference: {fileID: 0}
    - target: {fileID: 4748235827684270, guid: a2911a7c6afd91047be8e6d4869c5a8e, type: 2}
      propertyPath: m_RootOrder
      value: 1
      objectReference: {fileID: 0}
    m_RemovedComponents: []
  m_ParentPrefab: {fileID: 100100000, guid: a2911a7c6afd91047be8e6d4869c5a8e, type: 2}
  m_IsPrefabParent: 0
--- !u!1001 &505292862
Prefab:
  m_ObjectHideFlags: 0
  serializedVersion: 2
  m_Modification:
    m_TransformParent: {fileID: 0}
    m_Modifications:
    - target: {fileID: 4843808568050736, guid: 88deecbb5c6ba5145a67f76a4f00814e, type: 2}
      propertyPath: m_LocalPosition.x
      value: 5.467573
      objectReference: {fileID: 0}
    - target: {fileID: 4843808568050736, guid: 88deecbb5c6ba5145a67f76a4f00814e, type: 2}
      propertyPath: m_LocalPosition.y
      value: 1.8446925
      objectReference: {fileID: 0}
    - target: {fileID: 4843808568050736, guid: 88deecbb5c6ba5145a67f76a4f00814e, type: 2}
      propertyPath: m_LocalPosition.z
      value: 0.38178182
      objectReference: {fileID: 0}
    - target: {fileID: 4843808568050736, guid: 88deecbb5c6ba5145a67f76a4f00814e, type: 2}
      propertyPath: m_LocalRotation.x
      value: -0.7071068
      objectReference: {fileID: 0}
    - target: {fileID: 4843808568050736, guid: 88deecbb5c6ba5145a67f76a4f00814e, type: 2}
      propertyPath: m_LocalRotation.y
      value: -0
      objectReference: {fileID: 0}
    - target: {fileID: 4843808568050736, guid: 88deecbb5c6ba5145a67f76a4f00814e, type: 2}
      propertyPath: m_LocalRotation.z
      value: -0
      objectReference: {fileID: 0}
    - target: {fileID: 4843808568050736, guid: 88deecbb5c6ba5145a67f76a4f00814e, type: 2}
      propertyPath: m_LocalRotation.w
      value: 0.7071068
      objectReference: {fileID: 0}
    - target: {fileID: 4843808568050736, guid: 88deecbb5c6ba5145a67f76a4f00814e, type: 2}
      propertyPath: m_RootOrder
      value: 7
      objectReference: {fileID: 0}
    m_RemovedComponents: []
  m_ParentPrefab: {fileID: 100100000, guid: 88deecbb5c6ba5145a67f76a4f00814e, type: 2}
  m_IsPrefabParent: 0
--- !u!1001 &535395394
Prefab:
  m_ObjectHideFlags: 0
  serializedVersion: 2
  m_Modification:
    m_TransformParent: {fileID: 0}
    m_Modifications:
    - target: {fileID: 4632910797267930, guid: 4764af7c12a21a14fade6e714a30fe02, type: 2}
      propertyPath: m_LocalPosition.x
      value: 3.8051095
      objectReference: {fileID: 0}
    - target: {fileID: 4632910797267930, guid: 4764af7c12a21a14fade6e714a30fe02, type: 2}
      propertyPath: m_LocalPosition.y
      value: 2.771
      objectReference: {fileID: 0}
    - target: {fileID: 4632910797267930, guid: 4764af7c12a21a14fade6e714a30fe02, type: 2}
      propertyPath: m_LocalPosition.z
      value: 1.4380554
      objectReference: {fileID: 0}
    - target: {fileID: 4632910797267930, guid: 4764af7c12a21a14fade6e714a30fe02, type: 2}
      propertyPath: m_LocalRotation.x
      value: -0.8485148
      objectReference: {fileID: 0}
    - target: {fileID: 4632910797267930, guid: 4764af7c12a21a14fade6e714a30fe02, type: 2}
      propertyPath: m_LocalRotation.y
      value: -0
      objectReference: {fileID: 0}
    - target: {fileID: 4632910797267930, guid: 4764af7c12a21a14fade6e714a30fe02, type: 2}
      propertyPath: m_LocalRotation.z
      value: -0
      objectReference: {fileID: 0}
    - target: {fileID: 4632910797267930, guid: 4764af7c12a21a14fade6e714a30fe02, type: 2}
      propertyPath: m_LocalRotation.w
      value: 0.5291717
      objectReference: {fileID: 0}
    - target: {fileID: 4632910797267930, guid: 4764af7c12a21a14fade6e714a30fe02, type: 2}
      propertyPath: m_RootOrder
      value: 8
      objectReference: {fileID: 0}
    m_RemovedComponents: []
  m_ParentPrefab: {fileID: 100100000, guid: 4764af7c12a21a14fade6e714a30fe02, type: 2}
  m_IsPrefabParent: 0
--- !u!1001 &544798723
Prefab:
  m_ObjectHideFlags: 0
  serializedVersion: 2
  m_Modification:
    m_TransformParent: {fileID: 0}
    m_Modifications:
    - target: {fileID: 4576761579040164, guid: 74ac251af973612489b478aec6aa2fda, type: 2}
      propertyPath: m_LocalPosition.x
      value: 0.70923835
      objectReference: {fileID: 0}
    - target: {fileID: 4576761579040164, guid: 74ac251af973612489b478aec6aa2fda, type: 2}
      propertyPath: m_LocalPosition.y
      value: 0.21817696
      objectReference: {fileID: 0}
    - target: {fileID: 4576761579040164, guid: 74ac251af973612489b478aec6aa2fda, type: 2}
      propertyPath: m_LocalPosition.z
      value: 1.298
      objectReference: {fileID: 0}
    - target: {fileID: 4576761579040164, guid: 74ac251af973612489b478aec6aa2fda, type: 2}
      propertyPath: m_LocalRotation.x
      value: -0.7071068
      objectReference: {fileID: 0}
    - target: {fileID: 4576761579040164, guid: 74ac251af973612489b478aec6aa2fda, type: 2}
      propertyPath: m_LocalRotation.y
      value: -0
      objectReference: {fileID: 0}
    - target: {fileID: 4576761579040164, guid: 74ac251af973612489b478aec6aa2fda, type: 2}
      propertyPath: m_LocalRotation.z
      value: -0
      objectReference: {fileID: 0}
    - target: {fileID: 4576761579040164, guid: 74ac251af973612489b478aec6aa2fda, type: 2}
      propertyPath: m_LocalRotation.w
      value: 0.7071068
      objectReference: {fileID: 0}
    - target: {fileID: 4576761579040164, guid: 74ac251af973612489b478aec6aa2fda, type: 2}
      propertyPath: m_RootOrder
      value: 18
      objectReference: {fileID: 0}
    m_RemovedComponents: []
  m_ParentPrefab: {fileID: 100100000, guid: 74ac251af973612489b478aec6aa2fda, type: 2}
  m_IsPrefabParent: 0
--- !u!1001 &586729395
Prefab:
  m_ObjectHideFlags: 0
  serializedVersion: 2
  m_Modification:
    m_TransformParent: {fileID: 0}
    m_Modifications:
    - target: {fileID: 4455421575616498, guid: 82776107b2d94a547ad1fa577a175d7f, type: 2}
      propertyPath: m_LocalPosition.x
      value: 0.347
      objectReference: {fileID: 0}
    - target: {fileID: 4455421575616498, guid: 82776107b2d94a547ad1fa577a175d7f, type: 2}
      propertyPath: m_LocalPosition.y
      value: 0.113597274
      objectReference: {fileID: 0}
    - target: {fileID: 4455421575616498, guid: 82776107b2d94a547ad1fa577a175d7f, type: 2}
      propertyPath: m_LocalPosition.z
      value: -0.1
      objectReference: {fileID: 0}
    - target: {fileID: 4455421575616498, guid: 82776107b2d94a547ad1fa577a175d7f, type: 2}
      propertyPath: m_LocalRotation.x
      value: -0.7071068
      objectReference: {fileID: 0}
    - target: {fileID: 4455421575616498, guid: 82776107b2d94a547ad1fa577a175d7f, type: 2}
      propertyPath: m_LocalRotation.y
      value: -0
      objectReference: {fileID: 0}
    - target: {fileID: 4455421575616498, guid: 82776107b2d94a547ad1fa577a175d7f, type: 2}
      propertyPath: m_LocalRotation.z
      value: -0
      objectReference: {fileID: 0}
    - target: {fileID: 4455421575616498, guid: 82776107b2d94a547ad1fa577a175d7f, type: 2}
      propertyPath: m_LocalRotation.w
      value: 0.7071068
      objectReference: {fileID: 0}
    - target: {fileID: 4455421575616498, guid: 82776107b2d94a547ad1fa577a175d7f, type: 2}
      propertyPath: m_RootOrder
      value: 20
      objectReference: {fileID: 0}
    m_RemovedComponents: []
  m_ParentPrefab: {fileID: 100100000, guid: 82776107b2d94a547ad1fa577a175d7f, type: 2}
  m_IsPrefabParent: 0
--- !u!1001 &617468178
Prefab:
  m_ObjectHideFlags: 0
  serializedVersion: 2
  m_Modification:
    m_TransformParent: {fileID: 0}
    m_Modifications:
    - target: {fileID: 4055701296007880, guid: 23c64fc3889a6c04b86317fdfb72554c, type: 2}
      propertyPath: m_LocalPosition.x
      value: 2.27
      objectReference: {fileID: 0}
    - target: {fileID: 4055701296007880, guid: 23c64fc3889a6c04b86317fdfb72554c, type: 2}
      propertyPath: m_LocalPosition.y
      value: 0.19084221
      objectReference: {fileID: 0}
    - target: {fileID: 4055701296007880, guid: 23c64fc3889a6c04b86317fdfb72554c, type: 2}
      propertyPath: m_LocalPosition.z
      value: 0.7446848
      objectReference: {fileID: 0}
    - target: {fileID: 4055701296007880, guid: 23c64fc3889a6c04b86317fdfb72554c, type: 2}
      propertyPath: m_LocalRotation.x
      value: -0.4744408
      objectReference: {fileID: 0}
    - target: {fileID: 4055701296007880, guid: 23c64fc3889a6c04b86317fdfb72554c, type: 2}
      propertyPath: m_LocalRotation.y
      value: 0.17359596
      objectReference: {fileID: 0}
    - target: {fileID: 4055701296007880, guid: 23c64fc3889a6c04b86317fdfb72554c, type: 2}
      propertyPath: m_LocalRotation.z
      value: 0.52421826
      objectReference: {fileID: 0}
    - target: {fileID: 4055701296007880, guid: 23c64fc3889a6c04b86317fdfb72554c, type: 2}
      propertyPath: m_LocalRotation.w
      value: 0.68554044
      objectReference: {fileID: 0}
    - target: {fileID: 4055701296007880, guid: 23c64fc3889a6c04b86317fdfb72554c, type: 2}
      propertyPath: m_RootOrder
      value: 17
      objectReference: {fileID: 0}
    m_RemovedComponents: []
  m_ParentPrefab: {fileID: 100100000, guid: 23c64fc3889a6c04b86317fdfb72554c, type: 2}
  m_IsPrefabParent: 0
--- !u!1001 &638720956
Prefab:
  m_ObjectHideFlags: 0
  serializedVersion: 2
  m_Modification:
    m_TransformParent: {fileID: 0}
    m_Modifications:
    - target: {fileID: 4966530400621700, guid: 342fbcb0cacc9e74eba6b710ae18bb31, type: 2}
      propertyPath: m_LocalPosition.x
      value: 4.32
      objectReference: {fileID: 0}
    - target: {fileID: 4966530400621700, guid: 342fbcb0cacc9e74eba6b710ae18bb31, type: 2}
      propertyPath: m_LocalPosition.y
      value: 2.574319
      objectReference: {fileID: 0}
    - target: {fileID: 4966530400621700, guid: 342fbcb0cacc9e74eba6b710ae18bb31, type: 2}
      propertyPath: m_LocalPosition.z
      value: 0.497
      objectReference: {fileID: 0}
    - target: {fileID: 4966530400621700, guid: 342fbcb0cacc9e74eba6b710ae18bb31, type: 2}
      propertyPath: m_LocalRotation.x
      value: -0.7071068
      objectReference: {fileID: 0}
    - target: {fileID: 4966530400621700, guid: 342fbcb0cacc9e74eba6b710ae18bb31, type: 2}
      propertyPath: m_LocalRotation.y
      value: -0
      objectReference: {fileID: 0}
    - target: {fileID: 4966530400621700, guid: 342fbcb0cacc9e74eba6b710ae18bb31, type: 2}
      propertyPath: m_LocalRotation.z
      value: -0
      objectReference: {fileID: 0}
    - target: {fileID: 4966530400621700, guid: 342fbcb0cacc9e74eba6b710ae18bb31, type: 2}
      propertyPath: m_LocalRotation.w
      value: 0.7071068
      objectReference: {fileID: 0}
    - target: {fileID: 4966530400621700, guid: 342fbcb0cacc9e74eba6b710ae18bb31, type: 2}
      propertyPath: m_RootOrder
      value: 9
      objectReference: {fileID: 0}
    m_RemovedComponents: []
  m_ParentPrefab: {fileID: 100100000, guid: 342fbcb0cacc9e74eba6b710ae18bb31, type: 2}
  m_IsPrefabParent: 0
--- !u!1001 &701565596
Prefab:
  m_ObjectHideFlags: 0
  serializedVersion: 2
  m_Modification:
    m_TransformParent: {fileID: 0}
    m_Modifications:
    - target: {fileID: 4783823912687404, guid: cdb93ce5c5fadf34dbdd33c3c29178b2, type: 2}
      propertyPath: m_LocalPosition.x
      value: 0
      objectReference: {fileID: 0}
    - target: {fileID: 4783823912687404, guid: cdb93ce5c5fadf34dbdd33c3c29178b2, type: 2}
      propertyPath: m_LocalPosition.y
      value: 0
      objectReference: {fileID: 0}
    - target: {fileID: 4783823912687404, guid: cdb93ce5c5fadf34dbdd33c3c29178b2, type: 2}
      propertyPath: m_LocalPosition.z
      value: 0
      objectReference: {fileID: 0}
    - target: {fileID: 4783823912687404, guid: cdb93ce5c5fadf34dbdd33c3c29178b2, type: 2}
      propertyPath: m_LocalRotation.x
      value: -0.6390957
      objectReference: {fileID: 0}
    - target: {fileID: 4783823912687404, guid: cdb93ce5c5fadf34dbdd33c3c29178b2, type: 2}
      propertyPath: m_LocalRotation.y
      value: -0.30258358
      objectReference: {fileID: 0}
    - target: {fileID: 4783823912687404, guid: cdb93ce5c5fadf34dbdd33c3c29178b2, type: 2}
      propertyPath: m_LocalRotation.z
      value: -0.30258355
      objectReference: {fileID: 0}
    - target: {fileID: 4783823912687404, guid: cdb93ce5c5fadf34dbdd33c3c29178b2, type: 2}
      propertyPath: m_LocalRotation.w
      value: 0.6390956
      objectReference: {fileID: 0}
    - target: {fileID: 4783823912687404, guid: cdb93ce5c5fadf34dbdd33c3c29178b2, type: 2}
      propertyPath: m_RootOrder
      value: 26
      objectReference: {fileID: 0}
    m_RemovedComponents: []
  m_ParentPrefab: {fileID: 100100000, guid: cdb93ce5c5fadf34dbdd33c3c29178b2, type: 2}
  m_IsPrefabParent: 0
--- !u!1001 &743775378
Prefab:
  m_ObjectHideFlags: 0
  serializedVersion: 2
  m_Modification:
    m_TransformParent: {fileID: 0}
    m_Modifications:
    - target: {fileID: 4538995114387834, guid: 487552139f7decf42abcfe4b9450a429, type: 2}
      propertyPath: m_LocalPosition.x
      value: 1.108
      objectReference: {fileID: 0}
    - target: {fileID: 4538995114387834, guid: 487552139f7decf42abcfe4b9450a429, type: 2}
      propertyPath: m_LocalPosition.y
      value: 0.11875166
      objectReference: {fileID: 0}
    - target: {fileID: 4538995114387834, guid: 487552139f7decf42abcfe4b9450a429, type: 2}
      propertyPath: m_LocalPosition.z
      value: -2.323
      objectReference: {fileID: 0}
    - target: {fileID: 4538995114387834, guid: 487552139f7decf42abcfe4b9450a429, type: 2}
      propertyPath: m_LocalRotation.x
      value: -0.4779004
      objectReference: {fileID: 0}
    - target: {fileID: 4538995114387834, guid: 487552139f7decf42abcfe4b9450a429, type: 2}
      propertyPath: m_LocalRotation.y
      value: -0.52116334
      objectReference: {fileID: 0}
    - target: {fileID: 4538995114387834, guid: 487552139f7decf42abcfe4b9450a429, type: 2}
      propertyPath: m_LocalRotation.z
      value: -0.52116334
      objectReference: {fileID: 0}
    - target: {fileID: 4538995114387834, guid: 487552139f7decf42abcfe4b9450a429, type: 2}
      propertyPath: m_LocalRotation.w
      value: 0.4779004
      objectReference: {fileID: 0}
    - target: {fileID: 4538995114387834, guid: 487552139f7decf42abcfe4b9450a429, type: 2}
      propertyPath: m_RootOrder
      value: 21
      objectReference: {fileID: 0}
    m_RemovedComponents: []
  m_ParentPrefab: {fileID: 100100000, guid: 487552139f7decf42abcfe4b9450a429, type: 2}
  m_IsPrefabParent: 0
--- !u!1001 &801107862
Prefab:
  m_ObjectHideFlags: 0
  serializedVersion: 2
  m_Modification:
    m_TransformParent: {fileID: 0}
    m_Modifications:
    - target: {fileID: 4981317959014658, guid: ea4a15cd1b50b2a46891900eb89952c3, type: 2}
      propertyPath: m_LocalPosition.x
      value: -0.047
      objectReference: {fileID: 0}
    - target: {fileID: 4981317959014658, guid: ea4a15cd1b50b2a46891900eb89952c3, type: 2}
      propertyPath: m_LocalPosition.y
      value: 0.058280785
      objectReference: {fileID: 0}
    - target: {fileID: 4981317959014658, guid: ea4a15cd1b50b2a46891900eb89952c3, type: 2}
      propertyPath: m_LocalPosition.z
      value: -0.513
      objectReference: {fileID: 0}
    - target: {fileID: 4981317959014658, guid: ea4a15cd1b50b2a46891900eb89952c3, type: 2}
      propertyPath: m_LocalRotation.x
      value: -0.7071068
      objectReference: {fileID: 0}
    - target: {fileID: 4981317959014658, guid: ea4a15cd1b50b2a46891900eb89952c3, type: 2}
      propertyPath: m_LocalRotation.y
      value: -0
      objectReference: {fileID: 0}
    - target: {fileID: 4981317959014658, guid: ea4a15cd1b50b2a46891900eb89952c3, type: 2}
      propertyPath: m_LocalRotation.z
      value: -0
      objectReference: {fileID: 0}
    - target: {fileID: 4981317959014658, guid: ea4a15cd1b50b2a46891900eb89952c3, type: 2}
      propertyPath: m_LocalRotation.w
      value: 0.7071068
      objectReference: {fileID: 0}
    - target: {fileID: 4981317959014658, guid: ea4a15cd1b50b2a46891900eb89952c3, type: 2}
      propertyPath: m_RootOrder
      value: 25
      objectReference: {fileID: 0}
    m_RemovedComponents: []
  m_ParentPrefab: {fileID: 100100000, guid: ea4a15cd1b50b2a46891900eb89952c3, type: 2}
  m_IsPrefabParent: 0
--- !u!1001 &861352257
Prefab:
  m_ObjectHideFlags: 0
  serializedVersion: 2
  m_Modification:
    m_TransformParent: {fileID: 0}
    m_Modifications:
    - target: {fileID: 4517511673714484, guid: fe2d6a703f4f11a47a65db99a73c308d, type: 2}
      propertyPath: m_LocalPosition.x
      value: 5.183406
      objectReference: {fileID: 0}
    - target: {fileID: 4517511673714484, guid: fe2d6a703f4f11a47a65db99a73c308d, type: 2}
      propertyPath: m_LocalPosition.y
      value: 2.4099
      objectReference: {fileID: 0}
    - target: {fileID: 4517511673714484, guid: fe2d6a703f4f11a47a65db99a73c308d, type: 2}
      propertyPath: m_LocalPosition.z
      value: 1.7207031
      objectReference: {fileID: 0}
    - target: {fileID: 4517511673714484, guid: fe2d6a703f4f11a47a65db99a73c308d, type: 2}
      propertyPath: m_LocalRotation.x
      value: -0.7071068
      objectReference: {fileID: 0}
    - target: {fileID: 4517511673714484, guid: fe2d6a703f4f11a47a65db99a73c308d, type: 2}
      propertyPath: m_LocalRotation.y
      value: -0
      objectReference: {fileID: 0}
    - target: {fileID: 4517511673714484, guid: fe2d6a703f4f11a47a65db99a73c308d, type: 2}
      propertyPath: m_LocalRotation.z
      value: -0
      objectReference: {fileID: 0}
    - target: {fileID: 4517511673714484, guid: fe2d6a703f4f11a47a65db99a73c308d, type: 2}
      propertyPath: m_LocalRotation.w
      value: 0.7071068
      objectReference: {fileID: 0}
    - target: {fileID: 4517511673714484, guid: fe2d6a703f4f11a47a65db99a73c308d, type: 2}
      propertyPath: m_RootOrder
      value: 3
      objectReference: {fileID: 0}
    m_RemovedComponents: []
  m_ParentPrefab: {fileID: 100100000, guid: fe2d6a703f4f11a47a65db99a73c308d, type: 2}
  m_IsPrefabParent: 0
--- !u!1001 &869257476
Prefab:
  m_ObjectHideFlags: 0
  serializedVersion: 2
  m_Modification:
    m_TransformParent: {fileID: 0}
    m_Modifications:
    - target: {fileID: 4643274788514390, guid: 2742e18150506db43b6fed0498c8593d, type: 2}
      propertyPath: m_LocalPosition.x
      value: 4.982
      objectReference: {fileID: 0}
    - target: {fileID: 4643274788514390, guid: 2742e18150506db43b6fed0498c8593d, type: 2}
      propertyPath: m_LocalPosition.y
      value: 1.7223356
      objectReference: {fileID: 0}
    - target: {fileID: 4643274788514390, guid: 2742e18150506db43b6fed0498c8593d, type: 2}
      propertyPath: m_LocalPosition.z
      value: 1.19
      objectReference: {fileID: 0}
    - target: {fileID: 4643274788514390, guid: 2742e18150506db43b6fed0498c8593d, type: 2}
      propertyPath: m_LocalRotation.x
      value: -0.7071068
      objectReference: {fileID: 0}
    - target: {fileID: 4643274788514390, guid: 2742e18150506db43b6fed0498c8593d, type: 2}
      propertyPath: m_LocalRotation.y
      value: -0
      objectReference: {fileID: 0}
    - target: {fileID: 4643274788514390, guid: 2742e18150506db43b6fed0498c8593d, type: 2}
      propertyPath: m_LocalRotation.z
      value: -0
      objectReference: {fileID: 0}
    - target: {fileID: 4643274788514390, guid: 2742e18150506db43b6fed0498c8593d, type: 2}
      propertyPath: m_LocalRotation.w
      value: 0.7071068
      objectReference: {fileID: 0}
    - target: {fileID: 4643274788514390, guid: 2742e18150506db43b6fed0498c8593d, type: 2}
      propertyPath: m_RootOrder
      value: 6
      objectReference: {fileID: 0}
    m_RemovedComponents: []
  m_ParentPrefab: {fileID: 100100000, guid: 2742e18150506db43b6fed0498c8593d, type: 2}
  m_IsPrefabParent: 0
--- !u!1001 &903656112
Prefab:
  m_ObjectHideFlags: 0
  serializedVersion: 2
  m_Modification:
    m_TransformParent: {fileID: 0}
    m_Modifications:
    - target: {fileID: 4640170601912942, guid: bce5261505c8ef040bbf137de77fc038, type: 2}
      propertyPath: m_LocalPosition.x
      value: 2.636
      objectReference: {fileID: 0}
    - target: {fileID: 4640170601912942, guid: bce5261505c8ef040bbf137de77fc038, type: 2}
      propertyPath: m_LocalPosition.y
      value: 2.04
      objectReference: {fileID: 0}
    - target: {fileID: 4640170601912942, guid: bce5261505c8ef040bbf137de77fc038, type: 2}
      propertyPath: m_LocalPosition.z
      value: 0.79503053
      objectReference: {fileID: 0}
    - target: {fileID: 4640170601912942, guid: bce5261505c8ef040bbf137de77fc038, type: 2}
      propertyPath: m_LocalRotation.x
      value: -0.6479923
      objectReference: {fileID: 0}
    - target: {fileID: 4640170601912942, guid: bce5261505c8ef040bbf137de77fc038, type: 2}
      propertyPath: m_LocalRotation.y
      value: 0.28303
      objectReference: {fileID: 0}
    - target: {fileID: 4640170601912942, guid: bce5261505c8ef040bbf137de77fc038, type: 2}
      propertyPath: m_LocalRotation.z
      value: -0.28303006
      objectReference: {fileID: 0}
    - target: {fileID: 4640170601912942, guid: bce5261505c8ef040bbf137de77fc038, type: 2}
      propertyPath: m_LocalRotation.w
      value: 0.6479923
      objectReference: {fileID: 0}
    - target: {fileID: 4640170601912942, guid: bce5261505c8ef040bbf137de77fc038, type: 2}
      propertyPath: m_RootOrder
      value: 13
      objectReference: {fileID: 0}
    m_RemovedComponents: []
  m_ParentPrefab: {fileID: 100100000, guid: bce5261505c8ef040bbf137de77fc038, type: 2}
  m_IsPrefabParent: 0
--- !u!1 &990025614
GameObject:
  m_ObjectHideFlags: 0
  m_PrefabParentObject: {fileID: 0}
  m_PrefabInternal: {fileID: 0}
  serializedVersion: 5
  m_Component:
  - component: {fileID: 990025616}
  - component: {fileID: 990025615}
  m_Layer: 0
  m_Name: Directional Light
  m_TagString: Untagged
  m_Icon: {fileID: 0}
  m_NavMeshLayer: 0
  m_StaticEditorFlags: 0
  m_IsActive: 1
--- !u!108 &990025615
Light:
  m_ObjectHideFlags: 0
  m_PrefabParentObject: {fileID: 0}
  m_PrefabInternal: {fileID: 0}
  m_GameObject: {fileID: 990025614}
  m_Enabled: 1
  serializedVersion: 8
  m_Type: 1
  m_Color: {r: 1, g: 0.95686275, b: 0.8392157, a: 1}
  m_Intensity: 1
  m_Range: 10
  m_SpotAngle: 30
  m_CookieSize: 10
  m_Shadows:
    m_Type: 2
    m_Resolution: -1
    m_CustomResolution: -1
    m_Strength: 1
    m_Bias: 0.05
    m_NormalBias: 0.4
    m_NearPlane: 0.2
  m_Cookie: {fileID: 0}
  m_DrawHalo: 0
  m_Flare: {fileID: 0}
  m_RenderMode: 0
  m_CullingMask:
    serializedVersion: 2
    m_Bits: 4294967295
  m_Lightmapping: 4
  m_AreaSize: {x: 1, y: 1}
  m_BounceIntensity: 1
  m_ColorTemperature: 6570
  m_UseColorTemperature: 0
  m_ShadowRadius: 0
  m_ShadowAngle: 0
--- !u!4 &990025616
Transform:
  m_ObjectHideFlags: 0
  m_PrefabParentObject: {fileID: 0}
  m_PrefabInternal: {fileID: 0}
  m_GameObject: {fileID: 990025614}
  m_LocalRotation: {x: 0.40821788, y: -0.23456968, z: 0.10938163, w: 0.8754261}
  m_LocalPosition: {x: 0, y: 3, z: 0}
  m_LocalScale: {x: 1, y: 1, z: 1}
  m_Children: []
  m_Father: {fileID: 0}
  m_RootOrder: 27
  m_LocalEulerAnglesHint: {x: 50, y: -30, z: 0}
--- !u!1001 &1086971206
Prefab:
  m_ObjectHideFlags: 0
  serializedVersion: 2
  m_Modification:
    m_TransformParent: {fileID: 0}
    m_Modifications:
    - target: {fileID: 4736313765337716, guid: 86513ea3c1184954291483e685a618cc, type: 2}
      propertyPath: m_LocalPosition.x
      value: 0.041718423
      objectReference: {fileID: 0}
    - target: {fileID: 4736313765337716, guid: 86513ea3c1184954291483e685a618cc, type: 2}
      propertyPath: m_LocalPosition.y
      value: 0.0033755004
      objectReference: {fileID: 0}
    - target: {fileID: 4736313765337716, guid: 86513ea3c1184954291483e685a618cc, type: 2}
      propertyPath: m_LocalPosition.z
      value: -1.46
      objectReference: {fileID: 0}
    - target: {fileID: 4736313765337716, guid: 86513ea3c1184954291483e685a618cc, type: 2}
      propertyPath: m_LocalRotation.x
      value: -0.7071068
      objectReference: {fileID: 0}
    - target: {fileID: 4736313765337716, guid: 86513ea3c1184954291483e685a618cc, type: 2}
      propertyPath: m_LocalRotation.y
      value: -0
      objectReference: {fileID: 0}
    - target: {fileID: 4736313765337716, guid: 86513ea3c1184954291483e685a618cc, type: 2}
      propertyPath: m_LocalRotation.z
      value: -0
      objectReference: {fileID: 0}
    - target: {fileID: 4736313765337716, guid: 86513ea3c1184954291483e685a618cc, type: 2}
      propertyPath: m_LocalRotation.w
      value: 0.7071068
      objectReference: {fileID: 0}
    - target: {fileID: 4736313765337716, guid: 86513ea3c1184954291483e685a618cc, type: 2}
      propertyPath: m_RootOrder
      value: 24
      objectReference: {fileID: 0}
    m_RemovedComponents: []
  m_ParentPrefab: {fileID: 100100000, guid: 86513ea3c1184954291483e685a618cc, type: 2}
  m_IsPrefabParent: 0
--- !u!1001 &1089232743
Prefab:
  m_ObjectHideFlags: 0
  serializedVersion: 2
  m_Modification:
    m_TransformParent: {fileID: 0}
    m_Modifications:
    - target: {fileID: 4881521057182894, guid: 9212eb58cfc04e84397eaa3d6f48af50, type: 2}
      propertyPath: m_LocalPosition.x
      value: 2.626
      objectReference: {fileID: 0}
    - target: {fileID: 4881521057182894, guid: 9212eb58cfc04e84397eaa3d6f48af50, type: 2}
      propertyPath: m_LocalPosition.y
      value: 0.01096952
      objectReference: {fileID: 0}
    - target: {fileID: 4881521057182894, guid: 9212eb58cfc04e84397eaa3d6f48af50, type: 2}
      propertyPath: m_LocalPosition.z
      value: 0.311
      objectReference: {fileID: 0}
    - target: {fileID: 4881521057182894, guid: 9212eb58cfc04e84397eaa3d6f48af50, type: 2}
      propertyPath: m_LocalRotation.x
      value: -0.7071068
      objectReference: {fileID: 0}
    - target: {fileID: 4881521057182894, guid: 9212eb58cfc04e84397eaa3d6f48af50, type: 2}
      propertyPath: m_LocalRotation.y
      value: -0
      objectReference: {fileID: 0}
    - target: {fileID: 4881521057182894, guid: 9212eb58cfc04e84397eaa3d6f48af50, type: 2}
      propertyPath: m_LocalRotation.z
      value: -0
      objectReference: {fileID: 0}
    - target: {fileID: 4881521057182894, guid: 9212eb58cfc04e84397eaa3d6f48af50, type: 2}
      propertyPath: m_LocalRotation.w
      value: 0.7071068
      objectReference: {fileID: 0}
    - target: {fileID: 4881521057182894, guid: 9212eb58cfc04e84397eaa3d6f48af50, type: 2}
      propertyPath: m_RootOrder
      value: 16
      objectReference: {fileID: 0}
    m_RemovedComponents: []
  m_ParentPrefab: {fileID: 100100000, guid: 9212eb58cfc04e84397eaa3d6f48af50, type: 2}
  m_IsPrefabParent: 0
--- !u!1001 &1199525297
Prefab:
  m_ObjectHideFlags: 0
  serializedVersion: 2
  m_Modification:
    m_TransformParent: {fileID: 0}
    m_Modifications:
    - target: {fileID: 4072783677248018, guid: e8d2bb445e66a254fa7ffc646d7e19ff, type: 2}
      propertyPath: m_LocalPosition.x
      value: 5.1992583
      objectReference: {fileID: 0}
    - target: {fileID: 4072783677248018, guid: e8d2bb445e66a254fa7ffc646d7e19ff, type: 2}
      propertyPath: m_LocalPosition.y
      value: 2.927
      objectReference: {fileID: 0}
    - target: {fileID: 4072783677248018, guid: e8d2bb445e66a254fa7ffc646d7e19ff, type: 2}
      propertyPath: m_LocalPosition.z
      value: 1.8017242
      objectReference: {fileID: 0}
    - target: {fileID: 4072783677248018, guid: e8d2bb445e66a254fa7ffc646d7e19ff, type: 2}
      propertyPath: m_LocalRotation.x
      value: -0.7033276
      objectReference: {fileID: 0}
    - target: {fileID: 4072783677248018, guid: e8d2bb445e66a254fa7ffc646d7e19ff, type: 2}
      propertyPath: m_LocalRotation.y
      value: 0.07300946
      objectReference: {fileID: 0}
    - target: {fileID: 4072783677248018, guid: e8d2bb445e66a254fa7ffc646d7e19ff, type: 2}
      propertyPath: m_LocalRotation.z
      value: 0.073009446
      objectReference: {fileID: 0}
    - target: {fileID: 4072783677248018, guid: e8d2bb445e66a254fa7ffc646d7e19ff, type: 2}
      propertyPath: m_LocalRotation.w
      value: 0.7033276
      objectReference: {fileID: 0}
    - target: {fileID: 4072783677248018, guid: e8d2bb445e66a254fa7ffc646d7e19ff, type: 2}
      propertyPath: m_RootOrder
      value: 2
      objectReference: {fileID: 0}
    m_RemovedComponents: []
  m_ParentPrefab: {fileID: 100100000, guid: e8d2bb445e66a254fa7ffc646d7e19ff, type: 2}
  m_IsPrefabParent: 0
--- !u!1001 &1326373261
Prefab:
  m_ObjectHideFlags: 0
  serializedVersion: 2
  m_Modification:
    m_TransformParent: {fileID: 0}
    m_Modifications:
    - target: {fileID: 4973745829049454, guid: 675ffb3b526198d4f91ce81ff3a9fe8d, type: 2}
      propertyPath: m_LocalPosition.x
      value: 3.2640734
      objectReference: {fileID: 0}
    - target: {fileID: 4973745829049454, guid: 675ffb3b526198d4f91ce81ff3a9fe8d, type: 2}
      propertyPath: m_LocalPosition.y
      value: 3.113
      objectReference: {fileID: 0}
    - target: {fileID: 4973745829049454, guid: 675ffb3b526198d4f91ce81ff3a9fe8d, type: 2}
      propertyPath: m_LocalPosition.z
      value: 0.62482655
      objectReference: {fileID: 0}
    - target: {fileID: 4973745829049454, guid: 675ffb3b526198d4f91ce81ff3a9fe8d, type: 2}
      propertyPath: m_LocalRotation.x
      value: -0.7071068
      objectReference: {fileID: 0}
    - target: {fileID: 4973745829049454, guid: 675ffb3b526198d4f91ce81ff3a9fe8d, type: 2}
      propertyPath: m_LocalRotation.y
      value: -0
      objectReference: {fileID: 0}
    - target: {fileID: 4973745829049454, guid: 675ffb3b526198d4f91ce81ff3a9fe8d, type: 2}
      propertyPath: m_LocalRotation.z
      value: -0
      objectReference: {fileID: 0}
    - target: {fileID: 4973745829049454, guid: 675ffb3b526198d4f91ce81ff3a9fe8d, type: 2}
      propertyPath: m_LocalRotation.w
      value: 0.7071068
      objectReference: {fileID: 0}
    - target: {fileID: 4973745829049454, guid: 675ffb3b526198d4f91ce81ff3a9fe8d, type: 2}
      propertyPath: m_RootOrder
      value: 12
      objectReference: {fileID: 0}
    m_RemovedComponents: []
  m_ParentPrefab: {fileID: 100100000, guid: 675ffb3b526198d4f91ce81ff3a9fe8d, type: 2}
  m_IsPrefabParent: 0
--- !u!1001 &1480458107
Prefab:
  m_ObjectHideFlags: 0
  serializedVersion: 2
  m_Modification:
    m_TransformParent: {fileID: 0}
    m_Modifications:
    - target: {fileID: 4293610687675610, guid: c9ac4d2817848d945a096515d9b9470d, type: 2}
      propertyPath: m_LocalPosition.x
      value: 5.325
      objectReference: {fileID: 0}
    - target: {fileID: 4293610687675610, guid: c9ac4d2817848d945a096515d9b9470d, type: 2}
      propertyPath: m_LocalPosition.y
      value: 1.800357
      objectReference: {fileID: 0}
    - target: {fileID: 4293610687675610, guid: c9ac4d2817848d945a096515d9b9470d, type: 2}
      propertyPath: m_LocalPosition.z
      value: 0.247
      objectReference: {fileID: 0}
    - target: {fileID: 4293610687675610, guid: c9ac4d2817848d945a096515d9b9470d, type: 2}
      propertyPath: m_LocalRotation.x
      value: -0.7071068
      objectReference: {fileID: 0}
    - target: {fileID: 4293610687675610, guid: c9ac4d2817848d945a096515d9b9470d, type: 2}
      propertyPath: m_LocalRotation.y
      value: -0
      objectReference: {fileID: 0}
    - target: {fileID: 4293610687675610, guid: c9ac4d2817848d945a096515d9b9470d, type: 2}
      propertyPath: m_LocalRotation.z
      value: -0
      objectReference: {fileID: 0}
    - target: {fileID: 4293610687675610, guid: c9ac4d2817848d945a096515d9b9470d, type: 2}
      propertyPath: m_LocalRotation.w
      value: 0.7071068
      objectReference: {fileID: 0}
    - target: {fileID: 4293610687675610, guid: c9ac4d2817848d945a096515d9b9470d, type: 2}
      propertyPath: m_RootOrder
      value: 28
      objectReference: {fileID: 0}
    m_RemovedComponents: []
  m_ParentPrefab: {fileID: 100100000, guid: c9ac4d2817848d945a096515d9b9470d, type: 2}
  m_IsPrefabParent: 0
--- !u!1001 &1575156489
Prefab:
  m_ObjectHideFlags: 0
  serializedVersion: 2
  m_Modification:
    m_TransformParent: {fileID: 0}
    m_Modifications:
    - target: {fileID: 4561460710525814, guid: fe8b5fac91e18ac4896f1925b324f635, type: 2}
      propertyPath: m_LocalPosition.x
      value: 0.622
      objectReference: {fileID: 0}
    - target: {fileID: 4561460710525814, guid: fe8b5fac91e18ac4896f1925b324f635, type: 2}
      propertyPath: m_LocalPosition.y
      value: -0.008604109
      objectReference: {fileID: 0}
    - target: {fileID: 4561460710525814, guid: fe8b5fac91e18ac4896f1925b324f635, type: 2}
      propertyPath: m_LocalPosition.z
      value: -0.59511316
      objectReference: {fileID: 0}
    - target: {fileID: 4561460710525814, guid: fe8b5fac91e18ac4896f1925b324f635, type: 2}
      propertyPath: m_LocalRotation.x
      value: -0.7071068
      objectReference: {fileID: 0}
    - target: {fileID: 4561460710525814, guid: fe8b5fac91e18ac4896f1925b324f635, type: 2}
      propertyPath: m_LocalRotation.y
      value: -0
      objectReference: {fileID: 0}
    - target: {fileID: 4561460710525814, guid: fe8b5fac91e18ac4896f1925b324f635, type: 2}
      propertyPath: m_LocalRotation.z
      value: -0
      objectReference: {fileID: 0}
    - target: {fileID: 4561460710525814, guid: fe8b5fac91e18ac4896f1925b324f635, type: 2}
      propertyPath: m_LocalRotation.w
      value: 0.7071068
      objectReference: {fileID: 0}
    - target: {fileID: 4561460710525814, guid: fe8b5fac91e18ac4896f1925b324f635, type: 2}
      propertyPath: m_RootOrder
      value: 23
      objectReference: {fileID: 0}
    m_RemovedComponents: []
  m_ParentPrefab: {fileID: 100100000, guid: fe8b5fac91e18ac4896f1925b324f635, type: 2}
  m_IsPrefabParent: 0
--- !u!1001 &1697475306
Prefab:
  m_ObjectHideFlags: 0
  serializedVersion: 2
  m_Modification:
    m_TransformParent: {fileID: 0}
    m_Modifications:
    - target: {fileID: 4447099653175816, guid: 48e84a359ed59f9418278a72de946db3, type: 2}
      propertyPath: m_LocalPosition.x
      value: 3.1919878
      objectReference: {fileID: 0}
    - target: {fileID: 4447099653175816, guid: 48e84a359ed59f9418278a72de946db3, type: 2}
      propertyPath: m_LocalPosition.y
      value: 1.4339
      objectReference: {fileID: 0}
    - target: {fileID: 4447099653175816, guid: 48e84a359ed59f9418278a72de946db3, type: 2}
      propertyPath: m_LocalPosition.z
      value: 0.69143635
      objectReference: {fileID: 0}
    - target: {fileID: 4447099653175816, guid: 48e84a359ed59f9418278a72de946db3, type: 2}
      propertyPath: m_LocalRotation.x
      value: -0.7071068
      objectReference: {fileID: 0}
    - target: {fileID: 4447099653175816, guid: 48e84a359ed59f9418278a72de946db3, type: 2}
      propertyPath: m_LocalRotation.y
      value: -0
      objectReference: {fileID: 0}
    - target: {fileID: 4447099653175816, guid: 48e84a359ed59f9418278a72de946db3, type: 2}
      propertyPath: m_LocalRotation.z
      value: -0
      objectReference: {fileID: 0}
    - target: {fileID: 4447099653175816, guid: 48e84a359ed59f9418278a72de946db3, type: 2}
      propertyPath: m_LocalRotation.w
      value: 0.7071068
      objectReference: {fileID: 0}
    - target: {fileID: 4447099653175816, guid: 48e84a359ed59f9418278a72de946db3, type: 2}
      propertyPath: m_RootOrder
      value: 14
      objectReference: {fileID: 0}
    m_RemovedComponents: []
  m_ParentPrefab: {fileID: 100100000, guid: 48e84a359ed59f9418278a72de946db3, type: 2}
  m_IsPrefabParent: 0
--- !u!1001 &1753762390
Prefab:
  m_ObjectHideFlags: 0
  serializedVersion: 2
  m_Modification:
    m_TransformParent: {fileID: 0}
    m_Modifications:
    - target: {fileID: 4244666473920392, guid: a8a26fcaa4f987a48815d454b97a4e14, type: 2}
      propertyPath: m_LocalPosition.x
      value: 1.656
      objectReference: {fileID: 0}
    - target: {fileID: 4244666473920392, guid: a8a26fcaa4f987a48815d454b97a4e14, type: 2}
      propertyPath: m_LocalPosition.y
      value: 0.624
      objectReference: {fileID: 0}
    - target: {fileID: 4244666473920392, guid: a8a26fcaa4f987a48815d454b97a4e14, type: 2}
      propertyPath: m_LocalPosition.z
      value: -0.734
      objectReference: {fileID: 0}
    - target: {fileID: 4244666473920392, guid: a8a26fcaa4f987a48815d454b97a4e14, type: 2}
      propertyPath: m_LocalRotation.x
      value: 0.090164214
      objectReference: {fileID: 0}
    - target: {fileID: 4244666473920392, guid: a8a26fcaa4f987a48815d454b97a4e14, type: 2}
      propertyPath: m_LocalRotation.y
      value: -0.9461048
      objectReference: {fileID: 0}
    - target: {fileID: 4244666473920392, guid: a8a26fcaa4f987a48815d454b97a4e14, type: 2}
      propertyPath: m_LocalRotation.z
      value: 0.018452266
      objectReference: {fileID: 0}
    - target: {fileID: 4244666473920392, guid: a8a26fcaa4f987a48815d454b97a4e14, type: 2}
      propertyPath: m_LocalRotation.w
      value: 0.3105087
      objectReference: {fileID: 0}
    - target: {fileID: 4244666473920392, guid: a8a26fcaa4f987a48815d454b97a4e14, type: 2}
      propertyPath: m_RootOrder
      value: 19
      objectReference: {fileID: 0}
    m_RemovedComponents: []
  m_ParentPrefab: {fileID: 100100000, guid: a8a26fcaa4f987a48815d454b97a4e14, type: 2}
  m_IsPrefabParent: 0
--- !u!1001 &1780250582
Prefab:
  m_ObjectHideFlags: 0
  serializedVersion: 2
  m_Modification:
    m_TransformParent: {fileID: 0}
    m_Modifications:
    - target: {fileID: 4053683428587960, guid: 41b0e0bae95d7b54a829f6a33091e6ff, type: 2}
      propertyPath: m_LocalPosition.x
      value: 3.515
      objectReference: {fileID: 0}
    - target: {fileID: 4053683428587960, guid: 41b0e0bae95d7b54a829f6a33091e6ff, type: 2}
      propertyPath: m_LocalPosition.y
      value: 0.21621136
      objectReference: {fileID: 0}
    - target: {fileID: 4053683428587960, guid: 41b0e0bae95d7b54a829f6a33091e6ff, type: 2}
      propertyPath: m_LocalPosition.z
      value: 0.568
      objectReference: {fileID: 0}
    - target: {fileID: 4053683428587960, guid: 41b0e0bae95d7b54a829f6a33091e6ff, type: 2}
      propertyPath: m_LocalRotation.x
      value: -0.7071068
      objectReference: {fileID: 0}
    - target: {fileID: 4053683428587960, guid: 41b0e0bae95d7b54a829f6a33091e6ff, type: 2}
      propertyPath: m_LocalRotation.y
      value: -0
      objectReference: {fileID: 0}
    - target: {fileID: 4053683428587960, guid: 41b0e0bae95d7b54a829f6a33091e6ff, type: 2}
      propertyPath: m_LocalRotation.z
      value: -0
      objectReference: {fileID: 0}
    - target: {fileID: 4053683428587960, guid: 41b0e0bae95d7b54a829f6a33091e6ff, type: 2}
      propertyPath: m_LocalRotation.w
      value: 0.7071068
      objectReference: {fileID: 0}
    - target: {fileID: 4053683428587960, guid: 41b0e0bae95d7b54a829f6a33091e6ff, type: 2}
      propertyPath: m_RootOrder
      value: 15
      objectReference: {fileID: 0}
    m_RemovedComponents: []
  m_ParentPrefab: {fileID: 100100000, guid: 41b0e0bae95d7b54a829f6a33091e6ff, type: 2}
  m_IsPrefabParent: 0
--- !u!1001 &1988849391
Prefab:
  m_ObjectHideFlags: 0
  serializedVersion: 2
  m_Modification:
    m_TransformParent: {fileID: 0}
    m_Modifications:
    - target: {fileID: 4945533660963768, guid: df7549264d6e7c24280b10ad4ee2c1a7, type: 2}
      propertyPath: m_LocalPosition.x
      value: 3.987
      objectReference: {fileID: 0}
    - target: {fileID: 4945533660963768, guid: df7549264d6e7c24280b10ad4ee2c1a7, type: 2}
      propertyPath: m_LocalPosition.y
      value: 2.5587626
      objectReference: {fileID: 0}
    - target: {fileID: 4945533660963768, guid: df7549264d6e7c24280b10ad4ee2c1a7, type: 2}
      propertyPath: m_LocalPosition.z
      value: 1.73
      objectReference: {fileID: 0}
    - target: {fileID: 4945533660963768, guid: df7549264d6e7c24280b10ad4ee2c1a7, type: 2}
      propertyPath: m_LocalRotation.x
      value: -0.7071068
      objectReference: {fileID: 0}
    - target: {fileID: 4945533660963768, guid: df7549264d6e7c24280b10ad4ee2c1a7, type: 2}
      propertyPath: m_LocalRotation.y
      value: -0
      objectReference: {fileID: 0}
    - target: {fileID: 4945533660963768, guid: df7549264d6e7c24280b10ad4ee2c1a7, type: 2}
      propertyPath: m_LocalRotation.z
      value: -0
      objectReference: {fileID: 0}
    - target: {fileID: 4945533660963768, guid: df7549264d6e7c24280b10ad4ee2c1a7, type: 2}
      propertyPath: m_LocalRotation.w
      value: 0.7071068
      objectReference: {fileID: 0}
    - target: {fileID: 4945533660963768, guid: df7549264d6e7c24280b10ad4ee2c1a7, type: 2}
      propertyPath: m_RootOrder
      value: 10
      objectReference: {fileID: 0}
    m_RemovedComponents: []
  m_ParentPrefab: {fileID: 100100000, guid: df7549264d6e7c24280b10ad4ee2c1a7, type: 2}
  m_IsPrefabParent: 0
--- !u!1001 &2021601584
Prefab:
  m_ObjectHideFlags: 0
  serializedVersion: 2
  m_Modification:
    m_TransformParent: {fileID: 0}
    m_Modifications:
    - target: {fileID: 4756266566934736, guid: e70bb748bf407a949acc3f3e65164dbd, type: 2}
      propertyPath: m_LocalPosition.x
      value: 3.2641487
      objectReference: {fileID: 0}
    - target: {fileID: 4756266566934736, guid: e70bb748bf407a949acc3f3e65164dbd, type: 2}
      propertyPath: m_LocalPosition.y
      value: 2.5675592
      objectReference: {fileID: 0}
    - target: {fileID: 4756266566934736, guid: e70bb748bf407a949acc3f3e65164dbd, type: 2}
      propertyPath: m_LocalPosition.z
      value: 1.812
      objectReference: {fileID: 0}
    - target: {fileID: 4756266566934736, guid: e70bb748bf407a949acc3f3e65164dbd, type: 2}
      propertyPath: m_LocalRotation.x
      value: -0.7071068
      objectReference: {fileID: 0}
    - target: {fileID: 4756266566934736, guid: e70bb748bf407a949acc3f3e65164dbd, type: 2}
      propertyPath: m_LocalRotation.y
      value: -0
      objectReference: {fileID: 0}
    - target: {fileID: 4756266566934736, guid: e70bb748bf407a949acc3f3e65164dbd, type: 2}
      propertyPath: m_LocalRotation.z
      value: -0
      objectReference: {fileID: 0}
    - target: {fileID: 4756266566934736, guid: e70bb748bf407a949acc3f3e65164dbd, type: 2}
      propertyPath: m_LocalRotation.w
      value: 0.7071068
      objectReference: {fileID: 0}
    - target: {fileID: 4756266566934736, guid: e70bb748bf407a949acc3f3e65164dbd, type: 2}
      propertyPath: m_RootOrder
      value: 11
      objectReference: {fileID: 0}
    m_RemovedComponents: []
  m_ParentPrefab: {fileID: 100100000, guid: e70bb748bf407a949acc3f3e65164dbd, type: 2}
  m_IsPrefabParent: 0
--- !u!1001 &2093391811
Prefab:
  m_ObjectHideFlags: 0
  serializedVersion: 2
  m_Modification:
    m_TransformParent: {fileID: 0}
    m_Modifications:
    - target: {fileID: 4697310173570114, guid: fa5a61aab9fd0cf4f9ee2848dc7afa0b, type: 2}
      propertyPath: m_LocalPosition.x
      value: 0.712988
      objectReference: {fileID: 0}
    - target: {fileID: 4697310173570114, guid: fa5a61aab9fd0cf4f9ee2848dc7afa0b, type: 2}
      propertyPath: m_LocalPosition.y
      value: 0.11260277
      objectReference: {fileID: 0}
    - target: {fileID: 4697310173570114, guid: fa5a61aab9fd0cf4f9ee2848dc7afa0b, type: 2}
      propertyPath: m_LocalPosition.z
      value: -1.2598
      objectReference: {fileID: 0}
    - target: {fileID: 4697310173570114, guid: fa5a61aab9fd0cf4f9ee2848dc7afa0b, type: 2}
      propertyPath: m_LocalRotation.x
      value: -0.7071068
      objectReference: {fileID: 0}
    - target: {fileID: 4697310173570114, guid: fa5a61aab9fd0cf4f9ee2848dc7afa0b, type: 2}
      propertyPath: m_LocalRotation.y
      value: -0
      objectReference: {fileID: 0}
    - target: {fileID: 4697310173570114, guid: fa5a61aab9fd0cf4f9ee2848dc7afa0b, type: 2}
      propertyPath: m_LocalRotation.z
      value: -0
      objectReference: {fileID: 0}
    - target: {fileID: 4697310173570114, guid: fa5a61aab9fd0cf4f9ee2848dc7afa0b, type: 2}
      propertyPath: m_LocalRotation.w
      value: 0.7071068
      objectReference: {fileID: 0}
    - target: {fileID: 4697310173570114, guid: fa5a61aab9fd0cf4f9ee2848dc7afa0b, type: 2}
      propertyPath: m_RootOrder
      value: 22
      objectReference: {fileID: 0}
    m_RemovedComponents: []
  m_ParentPrefab: {fileID: 100100000, guid: fa5a61aab9fd0cf4f9ee2848dc7afa0b, type: 2}
  m_IsPrefabParent: 0
--- !u!1 &2099797728
GameObject:
  m_ObjectHideFlags: 0
  m_PrefabParentObject: {fileID: 0}
  m_PrefabInternal: {fileID: 0}
  serializedVersion: 5
  m_Component:
  - component: {fileID: 2099797732}
  - component: {fileID: 2099797731}
  - component: {fileID: 2099797730}
  - component: {fileID: 2099797729}
  m_Layer: 0
  m_Name: Main Camera
  m_TagString: MainCamera
  m_Icon: {fileID: 0}
  m_NavMeshLayer: 0
  m_StaticEditorFlags: 0
  m_IsActive: 1
--- !u!81 &2099797729
AudioListener:
  m_ObjectHideFlags: 0
  m_PrefabParentObject: {fileID: 0}
  m_PrefabInternal: {fileID: 0}
  m_GameObject: {fileID: 2099797728}
  m_Enabled: 1
--- !u!124 &2099797730
Behaviour:
  m_ObjectHideFlags: 0
  m_PrefabParentObject: {fileID: 0}
  m_PrefabInternal: {fileID: 0}
  m_GameObject: {fileID: 2099797728}
  m_Enabled: 1
--- !u!20 &2099797731
Camera:
  m_ObjectHideFlags: 0
  m_PrefabParentObject: {fileID: 0}
  m_PrefabInternal: {fileID: 0}
  m_GameObject: {fileID: 2099797728}
  m_Enabled: 1
  serializedVersion: 2
  m_ClearFlags: 1
  m_BackGroundColor: {r: 0.19215687, g: 0.3019608, b: 0.4745098, a: 0}
  m_NormalizedViewPortRect:
    serializedVersion: 2
    x: 0
    y: 0
    width: 1
    height: 1
  near clip plane: 0.3
  far clip plane: 1000
  field of view: 60
  orthographic: 0
  orthographic size: 5
  m_Depth: -1
  m_CullingMask:
    serializedVersion: 2
    m_Bits: 4294967295
  m_RenderingPath: -1
  m_TargetTexture: {fileID: 0}
  m_TargetDisplay: 0
  m_TargetEye: 3
  m_HDR: 1
  m_AllowMSAA: 1
  m_ForceIntoRT: 0
  m_OcclusionCulling: 1
  m_StereoConvergence: 10
  m_StereoSeparation: 0.022
--- !u!4 &2099797732
Transform:
  m_ObjectHideFlags: 0
  m_PrefabParentObject: {fileID: 0}
  m_PrefabInternal: {fileID: 0}
  m_GameObject: {fileID: 2099797728}
  m_LocalRotation: {x: 0, y: 0, z: 0, w: 1}
  m_LocalPosition: {x: 0, y: 1, z: -10}
  m_LocalScale: {x: 1, y: 1, z: 1}
  m_Children: []
  m_Father: {fileID: 0}
  m_RootOrder: 0
  m_LocalEulerAnglesHint: {x: 0, y: 0, z: 0}
